timestamp,symbol,price,quantity,side,trader_id
25203847,DELL,1.0000,1,BUY,42
25252660,SUNW,3.0000,2000,BUY,107
25260400,SUNW,3.0300,500,BUY,145
25260401,SUNW,4.6700,90,SELL,146
25260690,MSFT,53.8100,400,SELL,181
25260721,MSFT,5.0000,200,BUY,197
25317057,MSFT,52.9600,200,BUY,341
25320229,DELL,28.9000,100,SELL,380
25320252,CSCO,13.2400,500,BUY,394
25320254,CSCO,14.0400,500,SELL,395
25421028,MSFT,5.0000,100,BUY,671
25421192,CSCO,1.0000,100,BUY,675
25422551,INTC,1.0000,100,BUY,684
25568376,CSCO,13.5100,200,BUY,1161
25568394,MSFT,53.1600,1000,BUY,1162
25568455,MSFT,53.1600,200,BUY,1168
25629193,MSFT,53.1690,200,BUY,1367
25671115,CSCO,13.5130,500,BUY,1464
25743098,IBM,82.7000,200,SELL,1624
25752593,GE,26.4400,200,SELL,1650
25761837,DELL,28.8800,200,BUY,1670
25762109,DELL,28.8650,300,SELL,1671
25770123,MSFT,52.8200,1000,BUY,1695
25788422,DELL,28.8900,200,SELL,1751
25819243,DELL,28.8800,100,SELL,1844
25825807,DELL,28.8700,200,SELL,1867
25832398,DELL,28.8600,100,SELL,1889
25847556,DELL,26.5000,200,BUY,1934
25855644,GE,22.3400,50,BUY,1955
25891426,INTC,18.3000,900,SELL,2064
25913964,IBM,78.7100,200,BUY,2128
25927079,GE,24.4000,200,BUY,2169
25935234,DELL,28.8500,200,SELL,2192
25960933,INTC,18.2800,500,SELL,2271
25964115,DELL,28.4900,1000,SELL,2282
26125490,DELL,28.4800,100,SELL,2763
26125496,DELL,28.4800,200,SELL,2764
26142816,DELL,28.4800,300,SELL,2813
26174319,INTC,16.5500,3455,BUY,2912
26174601,CSCO,9.5000,100,BUY,2913
26177120,CSCO,14.4500,300,SELL,2940
26177531,INTC,17.2500,100,SELL,2947
26177617,SUNW,3.9800,500,SELL,2948
26177681,SUNW,3.3900,500,SELL,2949
26181989,CSCO,15.9000,500,SELL,3004
26183014,MSFT,53.9900,1000,SELL,3018
26184689,CSCO,13.0700,700,BUY,3033
26185182,DELL,28.4700,1000,SELL,3040
26187716,MSFT,49.2500,100,BUY,3058
26188105,CSCO,12.3000,500,BUY,3065
26188489,CSCO,12.9200,300,BUY,3068
26188498,CSCO,14.8900,1000,SELL,3069
26194648,CSCO,12.5000,500,BUY,3135
26195317,MSFT,53.8100,150,SELL,3144
26195377,MSFT,53.8100,100,SELL,3147
26195634,CSCO,11.5800,3000,BUY,3150
26195798,CSCO,11.9500,300,BUY,3151
26200078,SUNW,3.9800,250,SELL,3196
26200168,CSCO,15.2500,10000,SELL,3198
26200232,CSCO,14.2500,3500,SELL,3199
26200331,CSCO,14.2500,2500,SELL,3200
26200408,CSCO,14.2500,1000,SELL,3202
26200426,CSCO,14.2500,20000,SELL,3203
26203464,INTC,18.8800,200,SELL,3238
26205505,CSCO,14.4800,200,SELL,3257
26205515,INTC,18.8800,200,SELL,3258
26205781,CSCO,14.7500,1000,SELL,3261
26207948,CSCO,12.0000,500,BUY,3284
26209715,CSCO,10.0000,300,BUY,3300
26209783,CSCO,11.5000,200,BUY,3301
26210515,CSCO,12.0500,600,BUY,3313
26210950,SUNW,3.6600,500,SELL,3319
26212781,DELL,24.0000,100,BUY,3336
26213022,CSCO,12.0000,400,BUY,3339
26213175,CSCO,14.1900,1000,SELL,3342
26214523,CSCO,12.0600,200,BUY,3350
26214861,SUNW,6.1300,100,SELL,3357
26217796,CSCO,15.1000,200,SELL,3389
26218130,CSCO,14.5000,300,SELL,3395
26219906,CSCO,12.0000,200,BUY,3409
26220565,SUNW,2.5000,500,BUY,3418
26222665,SUNW,13.8000,380,SELL,3442
26222915,CSCO,14.5000,100,SELL,3445
26224558,CSCO,12.5000,300,BUY,3457
26225247,CSCO,14.6900,500,SELL,3471
26225308,CSCO,15.0000,800,SELL,3472
26226882,INTC,19.7500,25,SELL,3486
26226883,INTC,21.0000,25,SELL,3487
26227790,DELL,25.0000,100,BUY,3503
26228074,CSCO,11.0000,300,BUY,3508
26229025,CSCO,14.7900,400,SELL,3511
26229050,CSCO,14.7900,500,SELL,3512
26229907,INTC,18.7500,400,SELL,3522
26231832,DELL,32.0000,10,SELL,3541
26231967,INTC,19.5000,1000,SELL,3545
26232356,INTC,21.9900,400,SELL,3550
26235183,CSCO,11.0000,100,BUY,3586
26236717,CSCO,11.0000,500,BUY,3599
26238541,CSCO,16.9600,200,SELL,3618
26238687,CSCO,16.0000,1000,SELL,3619
26239286,INTC,22.0000,100,SELL,3629
26239323,CSCO,16.6540,2000,SELL,3630
26251894,CSCO,13.5600,900,BUY,3667
26256909,MSFT,1.0000,100,BUY,3683
26306164,CSCO,13.5660,500,BUY,3857
26375483,SUNW,4.2010,100,SELL,4094
26406203,DELL,28.4600,500,SELL,4218
26407408,CSCO,13.5100,900,BUY,4228
26418830,CSCO,13.3600,500,BUY,4274
26421855,CSCO,13.9900,500,SELL,4284
26464732,GE,24.5300,1100,BUY,4850
26471419,CSCO,13.7800,100,SELL,4932
26481895,CSCO,13.7700,100,SELL,5889
26497734,MSFT,53.1700,200,BUY,5936
26502581,GE,26.3800,1300,SELL,5972
26517283,MSFT,7.7700,100,BUY,6399
26517516,GE,26.3600,300,SELL,6402
26521936,DELL,29.0400,200,SELL,6430
26529095,GE,24.5400,300,BUY,6478
26530687,DELL,28.4000,500,SELL,6485
26540539,DELL,1.0000,1,BUY,6544
26546251,DELL,28.3900,500,SELL,6560
26559298,DELL,28.3890,500,SELL,6620
26561522,CSCO,13.7700,500,SELL,6628
26584207,GE,24.5600,1100,BUY,6724
26592898,GE,26.3400,1300,SELL,6775
26596223,CSCO,13.7500,100,SELL,6793
26598850,GE,26.3300,1300,SELL,6814
26603604,CSCO,13.7500,100,SELL,6838
26603624,CSCO,13.7500,400,SELL,6839
26617575,MSFT,53.1700,200,BUY,6887
26625230,MSFT,53.1790,200,BUY,6912
26639058,DELL,28.3880,500,SELL,6950
26639168,INTC,17.1500,500,SELL,6953
26640061,MSFT,10.0000,100,BUY,6954
26640063,MSFT,10.0000,100,BUY,6955
26646263,MSFT,10.0000,100,BUY,6977
26652318,DELL,28.3700,500,SELL,6994
26657094,INTC,17.1400,200,SELL,7012
26658051,CSCO,13.9500,800,SELL,7020
26667751,INTC,17.1300,500,SELL,7056
26686314,SUNW,4.3200,500,SELL,7129
26686363,SUNW,3.2100,100,BUY,7130
26713753,MSFT,10.0000,100,BUY,7217
26713755,MSFT,10.0000,100,BUY,7218
26713758,MSFT,10.0000,100,BUY,7219
26734989,CSCO,13.7500,500,SELL,7285
26847727,DELL,26.7000,500,BUY,7744
26867113,CSCO,13.7400,1000,SELL,7883
26867977,IBM,80.6300,10,BUY,7891
26869783,MSFT,53.0000,100,BUY,7897
26874002,INTC,16.6900,30,BUY,7917
26882902,GE,26.3200,300,SELL,7998
26885703,CSCO,13.7500,100,SELL,8024
26885722,CSCO,13.7500,400,SELL,8025
26885790,IBM,80.2700,100,BUY,8026
26886241,IBM,81.1200,100,SELL,8029
26888147,GE,24.5800,300,BUY,8046
26894977,MSFT,53.1250,1200,BUY,8086
26894984,MSFT,54.0130,1200,SELL,8087
26901949,KLAC,41.6800,600,SELL,8139
26922896,IBM,81.1100,100,SELL,8239
26933498,DELL,28.3680,500,SELL,8276
26939480,MSFT,54.4400,100,SELL,8300
26940855,CSCO,13.7370,400,SELL,8304
26940862,CSCO,13.7370,100,SELL,8305
26952068,INTC,17.1300,200,SELL,8340
26954683,INTC,17.1200,200,SELL,8351
26966532,CSCO,13.7300,5000,SELL,8412
26966568,INTC,17.1000,500,SELL,8415
26969755,MSFT,53.2500,1200,BUY,8424
26969757,MSFT,53.9630,400,SELL,8425
26970385,MSFT,53.2750,1200,BUY,8428
26970388,MSFT,54.0130,1200,SELL,8429
26973734,CSCO,13.7200,1000,SELL,8450
26977312,CSCO,13.7260,400,SELL,8467
26977317,CSCO,13.7260,100,SELL,8468
26981306,MSFT,53.2500,1200,BUY,8505
26984290,MSFT,53.9880,400,SELL,8533
27007017,CSCO,13.7260,500,SELL,8660
27039121,CSCO,13.7100,5000,SELL,8768
27055745,CSCO,13.7060,100,SELL,8828
27055765,CSCO,13.7060,400,SELL,8829
27069333,SUNW,3.4900,1000,SELL,8872
27077573,SUNW,3.6500,1000,SELL,8901
27079001,DELL,1.0000,1,BUY,8909
27083627,MSFT,53.2750,400,BUY,8941
27087307,DELL,1.0000,100,BUY,8973
27091847,DELL,26.7400,200,BUY,8998
27093425,MSFT,54.0130,1200,SELL,9004
27099268,CSCO,13.7050,400,SELL,9043
27099276,CSCO,13.7050,100,SELL,9044
27099410,DELL,27.1000,500,BUY,9045
27100005,MSFT,53.9880,400,SELL,9048
27106238,INTC,17.0900,200,SELL,9095
27130557,INTC,16.6000,3455,BUY,9269
27142299,MSFT,53.3750,1200,BUY,9341
27142301,MSFT,53.9880,400,SELL,9342
27180409,DELL,27.4100,1200,BUY,9542
27183356,MSFT,53.4000,400,BUY,9561
27186251,MSFT,54.0130,1200,SELL,9583
27191163,MSFT,53.4250,400,BUY,9607
27194073,DELL,27.4500,500,BUY,9628
27213598,CSCO,13.5130,400,BUY,9728
27227646,MSFT,52.9000,1000,BUY,9780
27229246,CSCO,13.7010,400,SELL,9795
27229254,CSCO,13.7010,100,SELL,9796
27238119,MSFT,53.4000,400,BUY,9851
27238402,CSCO,13.7000,500,SELL,9853
27243849,MSFT,53.4000,1200,BUY,9889
27253893,CSCO,13.6980,100,SELL,9956
27253902,CSCO,13.6980,400,SELL,9957
27266874,MSFT,53.9880,1200,SELL,9998
27286032,MSFT,53.7000,200,BUY,10144
27317582,MSFT,52.9000,1000,BUY,10254
27344908,INTC,16.6100,200,BUY,10339
27368727,INTC,16.9400,100,SELL,10449
27374726,MSFT,53.4000,400,BUY,10476
27414209,KLAC,36.4000,1200,BUY,10642
27428799,IBM,81.1000,100,SELL,10691
27429267,SUNW,3.1510,200,BUY,10694
27430552,SUNW,3.7500,45,SELL,10702
27435246,KLAC,39.3500,1500,SELL,10737
27457719,SUNW,3.6590,400,SELL,10846
27483337,INTC,16.8500,100,BUY,10959
27492677,MSFT,53.4100,200,BUY,11017
27521011,MSFT,53.3750,1200,BUY,11125
27521023,MSFT,53.9630,1200,SELL,11126
27523603,MSFT,53.4000,400,BUY,11153
27523605,MSFT,53.9880,1200,SELL,11154
27534165,INTC,16.9890,50,SELL,11200
27552270,INTC,17.6790,50,SELL,11272
27583295,INTC,18.6090,100,SELL,11394
27584367,GE,24.6000,1100,BUY,11397
27592265,GE,26.3000,1300,SELL,11436
27593456,MSFT,53.3750,1200,BUY,11449
27593458,MSFT,53.9630,400,SELL,11450
27598099,IBM,81.0900,100,SELL,11480
27608141,GE,26.2800,300,SELL,11513
27609383,CSCO,13.6000,5000,BUY,11520
27616588,GE,24.6100,300,BUY,11545
27628541,GE,24.6200,900,BUY,11592
27635644,GE,26.2700,1300,SELL,11616
27636249,CSCO,13.6970,400,SELL,11619
27667725,MSFT,53.4750,1200,BUY,11750
27667726,MSFT,53.9380,1200,SELL,11751
27672363,MSFT,53.9630,1200,SELL,11783
27673278,MSFT,53.9630,400,SELL,11794
27683062,MSFT,53.9630,1200,SELL,11900
27692792,MSFT,53.5000,400,BUY,12015
27694183,INTC,17.8000,200,SELL,12050
27696143,MSFT,53.4750,1200,BUY,12074
27696144,MSFT,53.9380,1200,SELL,12075
27715368,CSCO,13.6300,5000,BUY,12308
27722536,CSCO,13.6300,500,SELL,12393
27727571,MSFT,53.5000,400,BUY,12425
27727585,MSFT,53.9630,1200,SELL,12427
27727675,MSFT,53.5000,1200,BUY,12428
27731908,MSFT,53.9630,400,SELL,12469
27740990,CSCO,13.7900,400,SELL,12506
27743513,MSFT,53.9880,1200,SELL,12521
27745027,MSFT,53.9630,400,SELL,12540
27752435,MSFT,53.9630,1200,SELL,12590
27755462,INTC,16.8700,500,SELL,12605
27755755,MSFT,53.4750,1200,BUY,12607
27756041,MSFT,53.9630,400,SELL,12611
27756222,MSFT,53.9380,400,SELL,12616
27756286,MSFT,53.9380,1200,SELL,12618
27772201,MSFT,53.4500,1200,BUY,12696
27772203,MSFT,53.9130,400,SELL,12697
27772290,MSFT,53.9130,1200,SELL,12699
27787860,MSFT,53.4750,400,BUY,12766
27788322,MSFT,53.9630,1200,SELL,12770
27789720,MSFT,53.4500,1200,BUY,12783
27792640,INTC,16.6500,2435,BUY,12801
27795725,MSFT,53.9380,1200,SELL,12810
27797007,MSFT,53.4750,1200,BUY,12821
27807363,INTC,16.5500,2000,BUY,12871
27810899,MSFT,52.5010,600,BUY,12883
27813896,CSCO,13.7500,400,SELL,12898
27817372,CSCO,13.7600,400,SELL,12913
27826475,INTC,16.8500,500,SELL,12957
27828284,MSFT,53.8000,100,SELL,12965
27889988,GE,24.9000,1000,BUY,13244
27891124,GE,26.0300,900,SELL,13250
27916659,MSFT,1.0000,100,BUY,13362
27928290,INTC,16.7100,100,BUY,13446
27929243,MSFT,53.6000,1200,BUY,13451
27929245,MSFT,53.9380,1200,SELL,13452
27936305,CSCO,13.7500,1000,SELL,13482
27947148,CSCO,13.7470,400,SELL,13521
27952868,INTC,16.9000,500,SELL,13541
27961320,GE,24.9200,900,BUY,13576
27964775,SUNW,3.3100,148,BUY,13586
27975037,MSFT,54.7100,500,SELL,13619
27980227,SUNW,3.2500,148,BUY,13638
27999135,GE,26.0000,900,SELL,13694
28012709,MSFT,53.5500,200,BUY,13739
28090003,KLAC,36.3500,1000,BUY,14005
28135343,INTC,16.8900,500,SELL,14188
28169713,INTC,16.0000,14400,BUY,14408
28201666,MSFT,53.5500,400,BUY,14557
28201738,CSCO,1.0000,1,BUY,14558
28202988,IBM,80.7200,100,SELL,14565
28204272,IBM,81.1000,200,SELL,14573
28212467,CSCO,13.7410,400,SELL,14622
28227987,SUNW,3.3400,300,BUY,14718
28228826,MSFT,53.6000,400,BUY,14727
28248470,CSCO,11.0100,5000,BUY,14818
28260562,MSFT,2.0000,100,BUY,14877
28301787,DELL,1.0000,100,BUY,15295
28316452,MSFT,53.5750,1200,BUY,15393
28316453,MSFT,53.9130,1200,SELL,15394
28338209,MSFT,53.9380,1200,SELL,15519
28364032,MSFT,53.6000,400,BUY,15650
28364418,MSFT,53.6000,1200,BUY,15653
28406164,DELL,1.0000,100,BUY,15808
28409170,KLAC,36.4100,1000,BUY,15821
28427336,MSFT,53.8000,100,SELL,15887
28441603,MSFT,53.6000,400,BUY,15963
28469941,KLAC,36.6500,2000,BUY,16081
28473909,CSCO,13.2210,200,BUY,16094
28488158,KLAC,36.5900,1000,BUY,16183
28515480,CSCO,13.6900,4400,SELL,17809
28518448,MSFT,53.5000,400,BUY,18097
28525635,GE,25.9900,300,SELL,18819
28532810,CSCO,13.6870,400,SELL,19540
28539114,CSCO,14.7500,322,SELL,20149
28539116,CSCO,15.0000,62,SELL,20150
28539120,CSCO,15.5000,250,SELL,20151
28539443,CSCO,16.0000,70,SELL,20195
28539447,CSCO,6.9800,101,BUY,20196
28539449,CSCO,8.0000,200,BUY,20197
28539453,CSCO,14.5000,45,SELL,20198
28539514,CSCO,8.2300,400,BUY,20199
28539517,CSCO,14.7000,500,SELL,20200
28539520,CSCO,15.4200,10000,SELL,20201
28539523,CSCO,1.0000,5000,BUY,20202
28539526,CSCO,15.0000,100,SELL,20203
28539529,CSCO,14.6500,355,SELL,20204
28539532,CSCO,23.4000,10,SELL,20205
28539536,CSCO,14.9900,1200,SELL,20206
28539538,CSCO,9.0000,100,BUY,20207
28539542,CSCO,14.0100,500,SELL,20209
28539828,CSCO,14.1000,200,SELL,20235
28539831,CSCO,13.9300,1000,SELL,20236
28539834,CSCO,15.7500,500,SELL,20237
28539837,CSCO,16.0000,400,SELL,20238
28540043,CSCO,12.3000,200,BUY,20252
28540047,CSCO,15.0000,475,SELL,20253
28540157,CSCO,13.9500,900,SELL,20263
28540161,CSCO,12.5000,1000,BUY,20265
28540163,CSCO,13.8800,5000,SELL,20267
28540370,CSCO,16.9000,50,SELL,20280
28540432,CSCO,12.5000,300,BUY,20281
28540434,CSCO,15.5000,40,SELL,20282
28540438,CSCO,15.7500,250,SELL,20283
28540441,CSCO,17.0000,500,SELL,20284
28540445,CSCO,12.3000,200,BUY,20285
28540447,CSCO,15.0000,100,SELL,20286
28540451,CSCO,12.5200,500,BUY,20287
28540454,CSCO,30.0000,200,SELL,20288
28540458,CSCO,15.0000,82,SELL,20290
28540460,CSCO,14.4100,500,SELL,20292
28540464,CSCO,14.4500,790,SELL,20294
28540487,CSCO,14.0000,200,SELL,20296
28540490,CSCO,12.0000,236,BUY,20297
28540493,CSCO,10.0100,100,BUY,20298
28540555,CSCO,11.5000,1000,BUY,20299
28540558,CSCO,12.0000,100,BUY,20300
28540561,CSCO,16.0000,300,SELL,20302
28540564,CSCO,12.7500,250,BUY,20303
28540567,CSCO,15.2000,1000,SELL,20304
28540570,CSCO,12.8500,1000,BUY,20306
28540573,CSCO,14.6000,300,SELL,20307
28540576,CSCO,12.0000,100,BUY,20308
28540579,CSCO,14.0000,18,SELL,20309
28540583,CSCO,15.0000,3208,SELL,20310
28540585,CSCO,17.5000,100,SELL,20311
28540589,CSCO,41.1000,1,SELL,20312
28540592,CSCO,15.3000,400,SELL,20313
28540595,CSCO,10.0000,1188,BUY,20314
28540598,CSCO,10.0000,200,BUY,20315
28540755,CSCO,13.9700,450,SELL,20319
28540757,CSCO,14.2500,700,SELL,20320
28540761,CSCO,15.0000,104,SELL,20321
28540764,CSCO,15.2900,2240,SELL,20322
28540767,CSCO,8.4000,100,BUY,20323
28540770,CSCO,14.2000,150,SELL,20324
28540926,CSCO,13.9600,200,SELL,20328
28540930,CSCO,12.0000,1000,BUY,20329
28540932,CSCO,10.9900,100,BUY,20330
28541084,CSCO,12.5000,50,BUY,20338
28541088,CSCO,15.0000,600,SELL,20340
28541091,CSCO,14.2500,150,SELL,20342
28541147,MSFT,53.5750,1200,BUY,20350
28541154,CSCO,7.5200,200,BUY,20352
28541158,CSCO,14.5000,100,SELL,20353
28541160,CSCO,16.0000,550,SELL,20354
28541164,CSCO,15.0000,31,SELL,20355
28541167,CSCO,12.5000,600,BUY,20356
28541170,CSCO,12.0000,200,BUY,20357
28541173,CSCO,14.0000,108,SELL,20358
28541177,CSCO,14.0000,200,SELL,20359
28541180,CSCO,12.1600,888,BUY,20360
28541183,CSCO,12.0000,100,BUY,20363
28541186,CSCO,11.0000,300,BUY,20365
28541256,CSCO,10.0000,500,BUY,20372
28541259,CSCO,8.3700,2000,BUY,20374
28541320,CSCO,8.4000,100,BUY,20377
28541324,CSCO,12.9000,1000,BUY,20378
28541326,CSCO,12.9000,1000,BUY,20379
28541330,CSCO,10.5000,100,BUY,20380
28541333,CSCO,17.7600,100,SELL,20381
28541336,CSCO,15.0000,1500,SELL,20382
28541339,CSCO,9.5000,500,BUY,20383
28541342,CSCO,12.5000,1000,BUY,20384
28541345,CSCO,12.9500,540,BUY,20385
28541348,CSCO,13.2200,3000,BUY,20386
28541351,CSCO,12.6000,1300,BUY,20387
28541469,CSCO,15.2800,10000,SELL,20392
28541472,CSCO,15.2000,945,SELL,20393
28541475,CSCO,9.7500,100,BUY,20394
28541640,CSCO,12.6000,680,BUY,20405
28541644,CSCO,13.2500,1000,BUY,20406
28541646,CSCO,14.0000,18,SELL,20407
28541650,CSCO,13.0000,200,BUY,20408
28541653,CSCO,16.0000,300,SELL,20409
28541677,CSCO,14.8500,200,SELL,20417
28541681,CSCO,11.0000,110,BUY,20418
28541684,CSCO,10.5000,500,BUY,20419
28541687,CSCO,15.5000,200,SELL,20420
28541798,CSCO,16.0000,160,SELL,20421
28541802,CSCO,12.1100,100,BUY,20422
28541804,CSCO,14.5000,100,SELL,20423
28541808,CSCO,15.1000,200,SELL,20424
28541970,CSCO,13.7000,4000,SELL,20429
28541972,CSCO,14.8000,1000,SELL,20430
28541973,CSCO,12.3500,300,BUY,20431
28541976,CSCO,9.1000,400,BUY,20432
28541976,CSCO,13.2000,2500,BUY,20433
28541978,CSCO,12.4900,100,BUY,20434
28541982,CSCO,15.7000,100,SELL,20435
28541985,CSCO,12.6000,200,BUY,20436
28541988,CSCO,11.5500,100,BUY,20437
28542128,CSCO,13.9600,200,SELL,20438
28542131,CSCO,11.0000,2700,BUY,20439
28542193,CSCO,12.5700,100,BUY,20443
28542195,CSCO,12.0000,300,BUY,20444
28542199,CSCO,12.2500,400,BUY,20445
28542202,CSCO,9.0000,500,BUY,20446
28542206,CSCO,12.8000,500,BUY,20447
28542208,CSCO,19.0000,100,SELL,20448
28542212,CSCO,12.2500,300,BUY,20449
28542215,CSCO,12.9300,8000,BUY,20450
28542219,CSCO,15.4000,700,SELL,20451
28542221,CSCO,8.1100,200,BUY,20452
28542225,CSCO,17.8000,100,SELL,20453
28542228,CSCO,14.5000,600,SELL,20454
28542232,CSCO,17.0000,750,SELL,20455
28542235,CSCO,8.0000,500,BUY,20456
28542299,CSCO,14.0000,400,SELL,20457
28542302,CSCO,10.5500,100,BUY,20458
28542305,CSCO,22.0800,275,SELL,20459
28542308,CSCO,15.0000,2000,SELL,20460
28542362,CSCO,13.3000,2276,BUY,20461
28542365,CSCO,13.2000,400,BUY,20462
28542368,CSCO,13.7500,200,SELL,20463
28542370,CSCO,17.8000,350,SELL,20464
28542371,CSCO,15.5000,535,SELL,20465
28542373,CSCO,12.5000,200,BUY,20466
28542374,CSCO,16.5000,500,SELL,20467
28542377,CSCO,14.6300,100,SELL,20468
28542377,CSCO,17.5000,535,SELL,20469
28542379,CSCO,15.5000,1000,SELL,20470
28542380,CSCO,15.0000,100,SELL,20471
28542383,CSCO,14.4500,1900,SELL,20472
28542383,CSCO,15.0000,500,SELL,20473
28542387,CSCO,15.5000,151,SELL,20475
28542389,CSCO,9.5000,73,BUY,20476
28542389,CSCO,14.8500,365,SELL,20477
28542392,CSCO,12.1500,300,BUY,20478
28542395,CSCO,14.7500,155,SELL,20479
28542398,CSCO,21.0000,500,SELL,20480
28542401,CSCO,16.6000,2000,SELL,20481
28542402,CSCO,20.0000,600,SELL,20482
28542406,CSCO,13.2400,3000,BUY,20483
28542409,CSCO,12.6000,1400,BUY,20484
28542412,CSCO,16.0000,250,SELL,20485
28542415,CSCO,18.0000,1600,SELL,20486
28542564,CSCO,19.0000,150,SELL,20492
28542567,CSCO,14.9300,3000,SELL,20493
28542571,CSCO,14.8200,435,SELL,20494
28542573,CSCO,14.5500,317,SELL,20495
28542577,CSCO,14.9200,1000,SELL,20496
28542580,CSCO,10.5000,92,BUY,20498
28542583,CSCO,15.0000,30,SELL,20499
28542586,CSCO,14.7100,200,SELL,20500
28542589,CSCO,12.4300,1000,BUY,20501
28542592,CSCO,7.0000,200,BUY,20502
28542684,CSCO,19.0000,100,SELL,20506
28542686,CSCO,13.9500,1500,SELL,20507
28542687,CSCO,15.0300,300,SELL,20508
28542690,CSCO,12.2600,1000,BUY,20509
28542691,CSCO,12.3800,500,BUY,20510
28542692,CSCO,10.0000,500,BUY,20511
28542732,CSCO,15.6000,200,SELL,20512
28542794,CSCO,13.1500,1000,BUY,20513
28542798,CSCO,18.0000,750,SELL,20514
28542801,CSCO,18.0000,141,SELL,20515
28542804,CSCO,13.0000,345,BUY,20516
28542807,CSCO,18.0000,120,SELL,20517
28542810,CSCO,13.7800,250,SELL,20518
28542813,CSCO,13.1200,254,BUY,20519
28542819,CSCO,18.5000,100,SELL,20520
28542819,CSCO,14.0100,215,SELL,20521
28542823,CSCO,13.0000,1130,BUY,20522
28542826,CSCO,13.7500,350,SELL,20523
28542830,CSCO,13.4400,1500,BUY,20524
28542832,CSCO,13.0000,2500,BUY,20525
28542873,CSCO,16.0000,131,SELL,20526
28542876,CSCO,10.1000,30,BUY,20527
28542879,CSCO,12.5500,100,BUY,20528
28542882,CSCO,14.5500,225,SELL,20529
28543013,CSCO,11.0000,200,BUY,20530
28543016,CSCO,17.3100,50,SELL,20531
28543017,CSCO,14.2500,1000,SELL,20532
28543019,CSCO,12.5000,180,BUY,20533
28543020,CSCO,14.3400,1008,SELL,20534
28543023,CSCO,14.8300,1500,SELL,20535
28543031,CSCO,14.0000,200,SELL,20536
28543032,CSCO,15.0000,200,SELL,20537
28543116,CSCO,16.1500,200,SELL,20539
28543120,CSCO,13.3500,1000,BUY,20540
28543122,CSCO,13.0100,1000,BUY,20541
28543202,CSCO,15.8000,60,SELL,20542
28543206,CSCO,15.5000,125,SELL,20543
28543209,CSCO,14.5000,200,SELL,20544
28543270,CSCO,18.8400,150,SELL,20545
28543273,CSCO,9.5000,100,BUY,20546
28543276,CSCO,14.0500,309,SELL,20547
28543279,CSCO,14.0000,6000,SELL,20548
28543282,CSCO,11.4900,1000,BUY,20549
28543285,CSCO,15.5000,100,SELL,20550
28543289,CSCO,14.8000,300,SELL,20551
28543291,CSCO,15.0000,500,SELL,20552
28543295,CSCO,10.0000,100,BUY,20553
28543297,CSCO,14.6600,100,SELL,20554
28543301,CSCO,14.0000,132,SELL,20555
28543343,CSCO,12.0100,500,BUY,20556
28543345,CSCO,14.4000,792,SELL,20557
28543346,CSCO,12.0200,2000,BUY,20558
28543349,CSCO,14.0000,910,SELL,20559
28543350,CSCO,15.0000,50,SELL,20560
28543411,CSCO,12.5000,100,BUY,20561
28543412,CSCO,15.0000,60,SELL,20562
28543413,CSCO,10.4400,1465,BUY,20563
28543415,CSCO,12.5000,200,BUY,20564
28543417,CSCO,12.5000,200,BUY,20565
28543418,CSCO,20.0000,10,SELL,20566
28543420,CSCO,12.0000,100,BUY,20567
28543421,CSCO,20.0000,10,SELL,20568
28543423,CSCO,12.0000,10,BUY,20569
28543424,CSCO,15.9800,100,SELL,20570
28543428,CSCO,14.2100,120,SELL,20571
28543428,CSCO,12.7000,200,BUY,20572
28543430,CSCO,9.5000,200,BUY,20573
28543430,CSCO,17.9900,200,SELL,20574
28543432,CSCO,11.0000,300,BUY,20575
28543434,CSCO,22.0000,150,SELL,20576
28543436,CSCO,15.0000,3000,SELL,20577
28543436,CSCO,19.9900,10,SELL,20578
28543439,CSCO,10.1100,60,BUY,20579
28543440,CSCO,12.9300,130,BUY,20580
28543442,CSCO,14.1000,450,SELL,20581
28543443,CSCO,16.0800,50,SELL,20582
28543445,CSCO,12.5000,150,BUY,20583
28543446,CSCO,15.7200,1000,SELL,20584
28543446,CSCO,15.5000,98,SELL,20585
28543448,CSCO,20.0000,80,SELL,20586
28543449,CSCO,13.1700,1000,BUY,20587
28543449,CSCO,14.1500,500,SELL,20588
28543451,CSCO,12.5000,130,BUY,20589
28543452,CSCO,13.2000,460,BUY,20590
28543453,CSCO,12.7900,600,BUY,20591
28543455,CSCO,13.5000,740,BUY,20592
28543517,CSCO,13.5000,740,BUY,20593
28543521,CSCO,39.0000,350,SELL,20594
28543524,CSCO,15.9900,100,SELL,20595
28543527,CSCO,14.9800,200,SELL,20596
28543530,CSCO,12.0000,100,BUY,20597
28543533,CSCO,12.0000,250,BUY,20598
28543537,CSCO,9.0000,50,BUY,20599
28543539,CSCO,10.0000,200,BUY,20600
28543543,CSCO,15.0000,315,SELL,20601
28543587,CSCO,15.2000,728,SELL,20603
28543590,CSCO,15.5000,325,SELL,20604
28543593,CSCO,14.6700,250,SELL,20605
28543618,CSCO,13.2000,660,BUY,20606
28543622,CSCO,16.5000,300,SELL,20608
28543624,CSCO,13.0000,100,BUY,20609
28543627,CSCO,13.2500,2000,BUY,20610
28543666,CSCO,15.4500,500,SELL,20612
28543669,CSCO,14.7500,80,SELL,20613
28543672,CSCO,14.1200,2000,SELL,20614
28543675,CSCO,11.8500,300,BUY,20615
28543678,CSCO,12.5000,1989,BUY,20616
28543730,CSCO,18.5000,50,SELL,20617
28543733,CSCO,10.5000,200,BUY,20618
28543736,CSCO,12.0000,200,BUY,20619
28543739,CSCO,14.5000,150,SELL,20620
28543743,CSCO,15.7000,300,SELL,20621
28543917,CSCO,15.2500,250,SELL,20622
28543920,CSCO,14.0000,130,SELL,20623
28543923,CSCO,11.5000,25,BUY,20624
28543926,CSCO,12.1500,500,BUY,20625
28543947,CSCO,14.2500,400,SELL,20626
28543995,CSCO,12.5000,500,BUY,20628
28543999,CSCO,12.2100,1500,BUY,20629
28544002,CSCO,13.7500,1400,SELL,20630
28544060,CSCO,13.2500,100,BUY,20643
28544121,CSCO,15.3500,350,SELL,20644
28544125,CSCO,13.0500,309,BUY,20645
28544128,CSCO,12.7500,200,BUY,20646
28544132,CSCO,17.0000,300,SELL,20647
28544134,CSCO,13.4300,1000,BUY,20648
28544138,CSCO,13.3100,1000,BUY,20649
28544141,CSCO,13.1400,1000,BUY,20650
28544144,CSCO,13.4700,2000,BUY,20651
28544147,CSCO,13.3100,3200,BUY,20652
28544150,CSCO,15.0000,200,SELL,20653
28544153,CSCO,12.9100,1000,BUY,20654
28544156,CSCO,14.3800,6800,SELL,20655
28544160,CSCO,13.5500,500,BUY,20656
28544247,CSCO,12.5100,1000,BUY,20657
28544249,CSCO,26.7000,100,SELL,20658
28544311,CSCO,14.0000,730,SELL,20659
28544314,CSCO,14.0000,730,SELL,20660
28544317,CSCO,15.0000,100,SELL,20661
28544320,CSCO,12.9000,100,BUY,20662
28544323,CSCO,15.0000,50,SELL,20663
28544325,CSCO,1.0000,10,BUY,20664
28544326,CSCO,12.8000,310,BUY,20665
28544328,CSCO,1.0000,10,BUY,20666
28544329,CSCO,15.0100,700,SELL,20667
28544332,CSCO,14.9900,100,SELL,20668
28544332,CSCO,16.6000,500,SELL,20670
28544336,CSCO,14.6900,35,SELL,20672
28544338,CSCO,12.0000,600,BUY,20674
28544342,CSCO,11.8800,900,BUY,20675
28544344,CSCO,24.0000,135,SELL,20676
28544393,CSCO,15.9900,39,SELL,20677
28544396,CSCO,15.9900,200,SELL,20678
28544399,CSCO,12.5000,1000,BUY,20679
28544403,CSCO,14.5000,200,SELL,20680
28544406,CSCO,16.5000,1000,SELL,20681
28544409,CSCO,13.0500,89,BUY,20682
28544412,CSCO,13.2000,120,BUY,20683
28544416,CSCO,14.4100,285,SELL,20684
28544419,CSCO,14.5900,63,SELL,20685
28544423,CSCO,13.6500,400,SELL,20686
28544425,CSCO,13.8100,1500,SELL,20687
28544444,CSCO,14.0000,1000,SELL,20691
28544447,CSCO,15.6400,60,SELL,20692
28544450,CSCO,1.0000,1,BUY,20693
28544631,CSCO,14.9000,300,SELL,20695
28544634,CSCO,12.5500,500,BUY,20696
28544637,CSCO,10.0000,1000,BUY,20697
28544774,CSCO,13.3100,2100,BUY,20710
28544777,CSCO,15.4500,400,SELL,20711
28544780,CSCO,16.0000,60,SELL,20712
28544783,CSCO,14.7000,1000,SELL,20713
28544845,CSCO,12.6700,300,BUY,20714
28544865,CSCO,14.9000,2000,SELL,20715
28544868,CSCO,16.0000,1000,SELL,20716
28544871,CSCO,11.0000,100,BUY,20717
28544874,CSCO,10.9400,200,BUY,20718
28544877,CSCO,15.4500,2000,SELL,20719
28544880,CSCO,14.3700,300,SELL,20720
28544883,CSCO,15.0000,145,SELL,20721
28544887,CSCO,15.0000,115,SELL,20722
28544961,CSCO,21.0000,111,SELL,20723
28544963,CSCO,16.0000,1000,SELL,20724
28544967,CSCO,15.0100,100,SELL,20725
28544970,CSCO,18.9400,30,SELL,20726
28545213,CSCO,14.9000,150,SELL,20750
28545216,CSCO,15.5000,124,SELL,20751
28545220,CSCO,15.0000,20,SELL,20752
28545222,CSCO,15.0000,1000,SELL,20753
28545226,CSCO,14.0000,1300,SELL,20754
28545290,CSCO,12.6000,150,BUY,20755
28545352,CSCO,12.9000,100,BUY,20756
28545355,CSCO,20.0000,300,SELL,20757
28545358,CSCO,19.0000,250,SELL,20758
28545361,CSCO,19.8000,200,SELL,20759
28545364,CSCO,14.3200,328,SELL,20760
28545367,CSCO,13.1500,300,BUY,20761
28545371,CSCO,12.8000,2000,BUY,20762
28545373,CSCO,14.2500,80,SELL,20763
28545377,CSCO,13.5100,8000,BUY,20765
28545379,CSCO,15.5000,150,SELL,20766
28545380,CSCO,12.5500,1000,BUY,20768
28545381,CSCO,19.7400,650,SELL,20769
28545383,CSCO,13.8200,500,SELL,20771
28545385,CSCO,15.2500,2845,SELL,20772
28545386,CSCO,19.9900,750,SELL,20774
28545389,CSCO,13.3000,368,BUY,20775
28545392,CSCO,10.0100,500,BUY,20776
28545675,CSCO,12.5000,150,BUY,20785
28545677,CSCO,15.3800,100,SELL,20786
28545681,CSCO,6.0000,50,BUY,20787
28545684,CSCO,16.0000,1000,SELL,20788
28545687,CSCO,14.6000,160,SELL,20789
28545699,CSCO,12.0000,4000,BUY,20790
28545708,CSCO,15.1000,100,SELL,20792
28545712,CSCO,12.0000,58,BUY,20794
28545714,CSCO,10.1800,600,BUY,20796
28545761,CSCO,17.0000,50,SELL,20797
28545765,CSCO,15.0000,500,SELL,20798
28545767,CSCO,15.5000,593,SELL,20799
28545771,CSCO,40.0000,800,SELL,20800
28545774,CSCO,14.5000,500,SELL,20801
28545777,CSCO,10.3400,500,BUY,20802
28545778,CSCO,14.3800,675,SELL,20803
28545779,CSCO,18.0000,44,SELL,20804
28545780,CSCO,14.2800,385,SELL,20805
28545783,CSCO,12.5100,80,BUY,20806
28545784,CSCO,15.0000,150,SELL,20807
28545786,CSCO,20.0000,140,SELL,20808
28545787,CSCO,14.3000,33,SELL,20809
28545790,CSCO,15.0000,100,SELL,20810
28545790,CSCO,16.0000,2000,SELL,20811
28545792,CSCO,11.8800,1000,BUY,20812
28545793,CSCO,14.4400,1000,SELL,20813
28545796,CSCO,15.0000,300,SELL,20814
28545796,CSCO,20.0000,57,SELL,20815
28545799,CSCO,10.0000,200,BUY,20816
28545799,CSCO,15.2000,400,SELL,20817
28545802,CSCO,15.0000,200,SELL,20818
28545803,CSCO,14.0800,1000,SELL,20819
28545805,CSCO,12.3300,1100,BUY,20820
28545809,CSCO,15.9000,100,SELL,20822
28545812,CSCO,11.0000,65,BUY,20824
28545815,CSCO,14.5000,100,SELL,20826
28545818,CSCO,10.0500,200,BUY,20827
28545821,CSCO,7.0500,300,BUY,20828
28546048,DELL,32.9800,320,SELL,20833
28546049,DELL,29.1200,75,SELL,20834
28546112,DELL,25.3000,200,BUY,20835
28546114,CSCO,17.2500,150,SELL,20836
28546115,DELL,28.1000,99,SELL,20837
28546117,CSCO,11.3200,105,BUY,20838
28546118,DELL,34.3900,60,SELL,20839
28546120,CSCO,14.5500,1500,SELL,20840
28546121,DELL,28.7600,190,SELL,20841
28546124,DELL,26.2500,400,BUY,20842
28546128,DELL,29.6600,200,SELL,20843
28546130,DELL,26.0000,100,BUY,20844
28546134,DELL,29.2500,100,SELL,20845
28546137,DELL,25.5000,80,BUY,20846
28546140,DELL,25.0000,100,BUY,20848
28546143,DELL,26.0000,75,BUY,20849
28546147,DELL,25.0000,85,BUY,20850
28546148,CSCO,12.4000,100,BUY,20851
28546149,DELL,24.0000,40,BUY,20852
28546150,CSCO,13.8500,1100,SELL,20853
28546153,DELL,29.0000,90,SELL,20854
28546154,CSCO,14.5000,200,SELL,20855
28546444,CSCO,16.0000,95,SELL,20866
28546447,CSCO,14.2500,3000,SELL,20867
28546450,CSCO,11.0500,101,BUY,20868
28546475,DELL,25.0000,75,BUY,20869
28546477,CSCO,12.5000,80,BUY,20870
28546478,DELL,28.0000,100,SELL,20871
28546481,DELL,28.0000,400,SELL,20872
28546487,CSCO,13.7000,1000,SELL,20873
28546513,CSCO,13.8000,70,SELL,20874
28546517,CSCO,12.7000,170,BUY,20875
28546519,CSCO,20.0000,200,SELL,20876
28546523,CSCO,16.0000,200,SELL,20878
28546526,CSCO,12.5000,180,BUY,20880
28546529,CSCO,14.0000,180,SELL,20881
28546532,CSCO,10.0000,200,BUY,20883
28546535,CSCO,12.6000,300,BUY,20884
28546538,CSCO,13.8900,600,SELL,20885
28546542,CSCO,15.0000,1200,SELL,20886
28546546,CSCO,12.7000,500,BUY,20887
28546548,CSCO,14.5000,2000,SELL,20888
28546552,CSCO,12.8000,25,BUY,20889
28546555,CSCO,12.9000,1000,BUY,20890
28546558,CSCO,17.0000,100,SELL,20891
28546561,CSCO,17.6900,370,SELL,20892
28546565,CSCO,12.9100,1000,BUY,20893
28546567,CSCO,18.1800,22,SELL,20894
28546571,CSCO,12.7500,750,BUY,20895
28546574,CSCO,15.0000,300,SELL,20896
28546804,DELL,30.3000,165,SELL,20899
28546807,DELL,33.2000,350,SELL,20900
28546810,DELL,27.0000,2000,BUY,20901
28546828,CSCO,8.0500,125,BUY,20902
28546832,CSCO,13.9500,100,SELL,20903
28546834,CSCO,9.6600,11000,BUY,20904
28546838,CSCO,20.0000,1300,SELL,20905
28546840,CSCO,12.7600,208,BUY,20906
28546844,CSCO,12.2500,200,BUY,20907
28546862,CSCO,15.5000,300,SELL,20910
28546865,CSCO,15.4500,200,SELL,20911
28546866,DELL,29.9000,300,SELL,20912
28546868,DELL,25.0000,100,BUY,20913
28546868,CSCO,13.3700,5000,BUY,20914
28546871,CSCO,14.5500,2000,SELL,20915
28546873,DELL,26.5000,2000,BUY,20916
28546874,CSCO,12.5000,100,BUY,20917
28546876,DELL,26.0000,200,BUY,20918
28546880,DELL,30.0000,100,SELL,20919
28546882,DELL,26.0000,190,BUY,20920
28546886,DELL,29.9900,100,SELL,20921
28546889,DELL,25.5000,500,BUY,20922
28546892,DELL,25.0000,1000,BUY,20923
28546895,DELL,25.7500,50,BUY,20924
28546898,DELL,26.5000,500,BUY,20925
28546901,DELL,29.5000,100,SELL,20926
28546904,DELL,32.0100,50,SELL,20927
28547158,CSCO,12.1700,200,BUY,20928
28547161,CSCO,12.0000,300,BUY,20929
28547164,CSCO,23.9900,800,SELL,20930
28547182,DELL,31.5000,20,SELL,20931
28547185,DELL,1.0000,5000,BUY,20932
28547188,DELL,23.5000,200,BUY,20933
28547189,DELL,34.9300,100,SELL,20934
28547191,CSCO,20.0000,225,SELL,20935
28547192,DELL,29.0200,600,SELL,20936
28547195,CSCO,13.4600,2000,BUY,20937
28547197,CSCO,13.8400,2000,SELL,20939
28547250,DELL,30.3000,150,SELL,20941
28547254,DELL,28.0000,500,SELL,20942
28547257,DELL,28.0000,100,SELL,20943
28547260,DELL,22.5400,50,BUY,20944
28547263,DELL,31.0000,200,SELL,20945
28547267,DELL,29.0000,400,SELL,20946
28547269,DELL,30.8400,125,SELL,20947
28547273,DELL,26.2500,100,BUY,20948
28547276,DELL,27.0700,5000,BUY,20949
28547280,DELL,35.1000,1,SELL,20950
28547282,DELL,26.5000,90,BUY,20951
28547286,DELL,31.4800,109,SELL,20952
28547289,DELL,29.6000,2000,SELL,20953
28547292,DELL,25.0600,2000,BUY,20954
28547487,CSCO,15.4000,1000,SELL,20955
28547491,CSCO,12.9700,2350,BUY,20956
28547521,CSCO,13.9900,1860,SELL,20958
28547553,CSCO,13.1000,800,BUY,20961
28547557,CSCO,13.4200,5000,BUY,20962
28547560,CSCO,15.5500,200,SELL,20963
28547563,CSCO,13.0100,400,BUY,20964
28547566,CSCO,13.4500,5000,BUY,20965
28547570,CSCO,19.9900,125,SELL,20966
28547572,CSCO,13.4700,400,BUY,20967
28547576,CSCO,13.6600,170,SELL,20968
28547578,CSCO,14.0500,40,SELL,20969
28547582,CSCO,14.2400,2000,SELL,20970
28547584,CSCO,13.9600,9000,SELL,20971
28547585,CSCO,13.2700,3000,BUY,20972
28547588,CSCO,13.6100,11,SELL,20973
28547588,CSCO,16.5000,100,SELL,20974
28547591,CSCO,13.9100,1600,SELL,20976
28547591,CSCO,13.0000,100,BUY,20977
28547594,CSCO,18.7500,150,SELL,20978
28547594,CSCO,13.2000,4000,BUY,20979
28547597,MSFT,53.6000,400,BUY,20981
28547621,DELL,30.0000,50,SELL,20990
28547625,DELL,26.0000,200,BUY,20991
28547627,DELL,27.4500,400,BUY,20992
28547631,DELL,27.5000,250,BUY,20993
28549725,DELL,29.6700,233,SELL,21176
28549727,DELL,29.0000,200,SELL,21177
28550048,DELL,30.1700,285,SELL,21198
28550085,DELL,32.0000,20,SELL,21200
28550088,DELL,49.9900,140,SELL,21201
28550091,DELL,30.5500,1000,SELL,21202
28550094,DELL,29.5900,300,SELL,21203
28550098,DELL,30.0000,140,SELL,21204
28550100,DELL,25.0000,45,BUY,21205
28550104,DELL,29.9500,300,SELL,21206
28550106,DELL,23.0000,200,BUY,21207
28550110,DELL,32.0000,100,SELL,21208
28550113,DELL,26.0000,100,BUY,21210
28550113,DELL,30.0000,200,SELL,21211
28550116,DELL,24.0000,100,BUY,21213
28550116,DELL,27.0500,1000,BUY,21214
28550119,DELL,25.0000,400,BUY,21216
28550119,DELL,28.8000,900,SELL,21217
28550122,DELL,48.0000,400,SELL,21219
28550123,DELL,30.0000,100,SELL,21220
28550126,DELL,29.5000,100,SELL,21222
28550129,DELL,19.0000,74,BUY,21224
28550132,DELL,29.2500,170,SELL,21226
28550136,DELL,29.5000,100,SELL,21228
28550138,DELL,26.0000,100,BUY,21230
28550288,DELL,30.0000,1000,SELL,21239
28550292,DELL,30.9500,75,SELL,21240
28550295,DELL,25.0000,100,BUY,21241
28550299,DELL,35.0100,25,SELL,21242
28550301,DELL,23.0000,600,BUY,21243
28550433,DELL,28.5000,100,SELL,21250
28550435,DELL,28.6700,100,SELL,21251
28550439,DELL,26.0000,100,BUY,21252
28550441,DELL,30.8800,60,SELL,21253
28550618,DELL,24.9400,200,BUY,21257
28550680,DELL,29.5100,300,SELL,21260
28550683,DELL,28.5300,400,SELL,21261
28550687,DELL,28.9500,620,SELL,21262
28550689,DELL,29.3800,200,SELL,21263
28550762,DELL,28.2500,158,SELL,21276
28550765,DELL,26.5000,450,BUY,21277
28550768,DELL,28.1000,200,SELL,21278
28551091,DELL,26.5100,100,BUY,21311
28551094,DELL,28.9500,200,SELL,21313
28551098,DELL,27.4000,5000,BUY,21315
28551101,DELL,28.5900,400,SELL,21316
28551162,DELL,28.2900,1000,SELL,21317
28551165,DELL,15.0000,50,BUY,21318
28551169,DELL,30.4900,500,SELL,21320
28551172,DELL,33.0000,19,SELL,21322
28551175,DELL,30.0000,10,SELL,21324
28551178,DELL,33.1900,250,SELL,21326
28551182,DELL,28.4500,360,SELL,21327
28551184,DELL,25.5000,80,BUY,21328
28551188,DELL,26.0000,100,BUY,21329
28551191,DELL,24.0000,500,BUY,21331
28551194,DELL,24.0000,30,BUY,21334
28551197,DELL,19.6000,50,BUY,21336
28551201,DELL,37.5000,130,SELL,21338
28551204,DELL,20.5000,125,BUY,21341
28551531,DELL,32.0000,100,SELL,21359
28554476,MSFT,53.6000,1200,BUY,21644
28560832,DELL,27.5100,500,BUY,22266
28565069,SUNW,3.2500,148,BUY,22692
28570845,INTC,23.0000,900,SELL,23269
28570849,INTC,20.0500,700,SELL,23270
28570851,INTC,12.0000,100,BUY,23271
28570855,INTC,25.0000,160,SELL,23272
28570858,INTC,20.9900,650,SELL,23273
28570874,INTC,21.1000,100,SELL,23274
28570878,INTC,23.1000,50,SELL,23275
28570880,INTC,19.5000,123,SELL,23276
28570884,INTC,22.0000,100,SELL,23277
28571023,INTC,20.0000,123,SELL,23282
28571030,INTC,19.0000,123,SELL,23283
28571032,INTC,10.3500,5000,BUY,23284
28571036,INTC,22.3000,33,SELL,23285
28571063,INTC,24.5000,400,SELL,23286
28571067,INTC,20.0000,120,SELL,23287
28571070,INTC,19.1000,50,SELL,23288
28571073,INTC,20.2500,125,SELL,23289
28571085,INTC,20.8700,75,SELL,23290
28571088,INTC,20.4000,100,SELL,23292
28571091,INTC,22.1300,1000,SELL,23294
28571095,INTC,21.0000,100,SELL,23296
28571097,INTC,13.0000,100,BUY,23298
28571101,INTC,65.0000,13,SELL,23300
28571104,INTC,22.0000,200,SELL,23301
28571108,INTC,19.9900,150,SELL,23302
28571110,INTC,6.8800,101,BUY,23303
28571114,INTC,14.0000,300,BUY,23304
28571194,INTC,22.0000,55,SELL,23308
28571197,INTC,21.0400,230,SELL,23309
28571200,INTC,20.4800,200,SELL,23310
28571204,INTC,19.8000,100,SELL,23312
28571206,INTC,20.8800,400,SELL,23313
28571210,INTC,25.0000,50,SELL,23314
28571213,INTC,22.5000,850,SELL,23315
28571407,INTC,18.9500,597,SELL,23332
28571410,INTC,20.1000,200,SELL,23333
28571413,INTC,21.0000,110,SELL,23334
28571524,INTC,21.0500,100,SELL,23338
28571527,INTC,19.5000,300,SELL,23339
28571530,INTC,20.0800,46,SELL,23340
28571533,INTC,19.0000,100,SELL,23341
28571536,INTC,19.0000,25,SELL,23342
28571539,INTC,25.0000,900,SELL,23343
28571542,INTC,18.6500,500,SELL,23344
28571689,INTC,15.1000,200,BUY,23349
28571692,INTC,22.0000,100,SELL,23350
28571717,INTC,15.0000,100,BUY,23351
28571720,INTC,17.6700,200,SELL,23352
28571724,INTC,14.0000,500,BUY,23353
28571727,INTC,15.0000,100,BUY,23354
28571730,INTC,15.0100,100,BUY,23355
28571737,INTC,20.0000,200,SELL,23356
28571740,INTC,12.5000,300,BUY,23357
28571743,INTC,22.0000,100,SELL,23358
28571746,INTC,20.0000,47,SELL,23360
28571854,INTC,20.5000,300,SELL,23373
28571856,INTC,15.0000,200,BUY,23375
28571860,INTC,13.7900,200,BUY,23376
28571863,INTC,21.7500,200,SELL,23377
28571866,INTC,14.8500,25,BUY,23378
28571869,INTC,14.8500,100,BUY,23379
28571872,INTC,18.6000,600,SELL,23380
28572018,INTC,15.0500,1000,BUY,23384
28572022,INTC,14.5000,200,BUY,23386
28572024,INTC,21.0000,1000,SELL,23388
28572028,INTC,12.7500,500,BUY,23390
28572030,INTC,15.2500,20,BUY,23392
28572034,INTC,15.0000,200,BUY,23393
28572037,INTC,15.5000,600,BUY,23394
28572066,INTC,21.5500,500,SELL,23395
28572069,INTC,19.7500,200,SELL,23396
28572072,INTC,22.0000,100,SELL,23397
28572134,INTC,20.0000,22,SELL,23398
28572138,INTC,19.4900,100,SELL,23399
28572141,INTC,19.3100,900,SELL,23400
28572144,INTC,15.0100,100,BUY,23401
28572147,INTC,32.4000,40,SELL,23402
28572150,INTC,13.8000,50,BUY,23403
28572154,INTC,17.9500,200,SELL,23404
28572157,INTC,20.0000,200,SELL,23405
28572160,INTC,15.0000,300,BUY,23406
28572163,INTC,18.5500,300,SELL,23407
28572167,INTC,25.0000,100,SELL,23408
28572169,INTC,14.0000,200,BUY,23409
28572173,INTC,17.5000,500,SELL,23410
28572177,INTC,17.4000,750,SELL,23411
28572348,INTC,13.2300,750,BUY,23423
28572486,INTC,13.2200,1,BUY,23440
28572489,INTC,17.7900,200,SELL,23441
28572493,INTC,20.0000,100,SELL,23442
28572497,INTC,17.7900,100,SELL,23443
28572500,INTC,17.1900,1000,SELL,23444
28572502,INTC,22.0000,250,SELL,23445
28572506,INTC,15.0100,600,BUY,23446
28572507,INTC,18.9900,90,SELL,23447
28572509,INTC,15.0100,200,BUY,23448
28572509,INTC,16.8400,750,SELL,23449
28572512,INTC,15.0000,270,BUY,23450
28572513,INTC,17.7800,100,SELL,23451
28572515,INTC,18.5000,500,SELL,23452
28572516,INTC,16.2500,200,BUY,23453
28572519,INTC,19.8300,60,SELL,23454
28572521,INTC,21.0000,200,SELL,23455
28572835,INTC,14.8000,200,BUY,23463
28572839,INTC,14.9000,335,BUY,23464
28572842,INTC,14.0000,150,BUY,23465
28572846,INTC,19.0000,100,SELL,23466
28572848,INTC,19.1000,50,SELL,23467
28572901,INTC,11.3000,100,BUY,23468
28572903,INTC,11.3000,200,BUY,23469
28572907,INTC,29.0000,332,SELL,23470
28572910,INTC,14.0000,100,BUY,23471
28572913,INTC,12.5000,826,BUY,23472
28572917,INTC,14.0500,1000,BUY,23473
28572919,INTC,15.4200,2000,BUY,23474
28572923,INTC,17.8800,192,SELL,23475
28572925,INTC,15.3000,200,BUY,23476
28572929,INTC,13.0000,74,BUY,23477
28572932,INTC,14.3000,100,BUY,23478
28572936,INTC,18.0000,1000,SELL,23479
28573172,INTC,22.0000,240,SELL,23489
28573175,INTC,21.0000,75,SELL,23490
28573178,INTC,18.2500,1000,SELL,23491
28573181,INTC,13.0000,100,BUY,23492
28573220,INTC,15.5000,100,BUY,23496
28573223,INTC,15.5000,25,BUY,23497
28573226,INTC,15.9800,5000,BUY,23498
28573501,INTC,14.9500,100,BUY,23520
28573549,INTC,15.7100,254,BUY,23523
28573553,INTC,16.0000,250,BUY,23524
28573556,INTC,19.9000,1,SELL,23525
28573559,INTC,16.2100,1000,BUY,23526
28573563,INTC,14.0000,100,BUY,23527
28573567,INTC,20.5000,157,SELL,23528
28573569,INTC,17.8400,2500,SELL,23529
28573573,INTC,22.0000,50,SELL,23530
28573576,INTC,17.9800,100,SELL,23531
28573579,INTC,18.6000,385,SELL,23532
28573582,INTC,13.0000,300,BUY,23533
28573585,INTC,17.9900,500,SELL,23534
28573590,INTC,18.5000,100,SELL,23535
28573592,INTC,19.9700,100,SELL,23536
28573596,INTC,19.0800,390,SELL,23537
28573598,INTC,8.0000,50,BUY,23538
28573602,INTC,15.1200,40,BUY,23539
28573604,INTC,37.0000,100,SELL,23540
28573879,INTC,15.5000,100,BUY,23565
28573886,INTC,18.6300,429,SELL,23566
28573889,INTC,20.9900,100,SELL,23567
28573892,INTC,25.0000,42,SELL,23568
28573895,INTC,14.0000,50,BUY,23569
28573899,INTC,20.6000,48,SELL,23570
28573901,INTC,17.1000,700,SELL,23571
28573942,INTC,19.4500,200,SELL,23572
28573945,INTC,17.3000,100,SELL,23573
28573948,INTC,17.5000,100,SELL,23574
28573951,INTC,22.2200,556,SELL,23575
28573954,INTC,16.0000,100,BUY,23576
28573958,INTC,16.0000,25,BUY,23577
28573960,INTC,20.3500,75,SELL,23578
28573963,INTC,16.2500,200,BUY,23579
28573964,INTC,22.4800,100,SELL,23580
28573966,INTC,18.2000,600,SELL,23581
28573967,INTC,20.7500,118,SELL,23582
28573970,INTC,17.5000,200,SELL,23583
28573972,INTC,16.3900,2900,BUY,23584
28573976,INTC,12.8700,500,BUY,23585
28573979,INTC,18.0000,1000,SELL,23586
28573982,INTC,19.5000,1000,SELL,23587
28573985,INTC,16.0000,200,BUY,23588
28574260,INTC,20.1000,260,SELL,23623
28574263,INTC,19.7200,213,SELL,23624
28574263,INTC,20.0000,500,SELL,23625
28574267,INTC,21.0000,200,SELL,23626
28574271,INTC,14.0000,50,BUY,23627
28574273,INTC,14.5000,100,BUY,23628
28574548,INTC,19.7500,275,SELL,23636
28574551,INTC,20.0000,100,SELL,23637
28574554,INTC,25.2500,135,SELL,23638
28574593,INTC,19.0000,400,SELL,23639
28574602,INTC,19.9900,50,SELL,23640
28574606,INTC,15.0600,300,BUY,23641
28574878,INTC,10.0000,100,BUY,23658
28574880,INTC,19.3000,2000,SELL,23659
28574884,INTC,20.0000,30,SELL,23660
28574887,INTC,21.0000,20,SELL,23661
28574922,INTC,17.9200,200,SELL,23662
28574926,INTC,19.0000,121,SELL,23663
28574929,INTC,17.5900,2000,SELL,23664
28574932,INTC,14.2000,35,BUY,23665
28574949,INTC,22.0000,20,SELL,23666
28574954,INTC,25.1500,102,SELL,23667
28574956,INTC,18.9000,1000,SELL,23668
28574959,INTC,18.5000,500,SELL,23669
28574962,INTC,18.7400,225,SELL,23670
28574965,INTC,17.9000,810,SELL,23671
28574968,INTC,19.0000,30,SELL,23672
28574971,INTC,30.0000,50,SELL,23673
28574974,INTC,22.0000,1000,SELL,23674
28574995,INTC,16.8500,400,SELL,23675
28574997,INTC,16.9400,200,SELL,23676
28575001,INTC,30.0100,50,SELL,23677
28575004,INTC,20.0000,91,SELL,23678
28575007,INTC,15.0000,100,BUY,23679
28575010,INTC,15.0000,1000,BUY,23680
28575013,INTC,14.9000,300,BUY,23681
28575017,INTC,10.2300,20,BUY,23682
28575019,INTC,15.5000,1000,BUY,23683
28575023,INTC,16.0000,500,BUY,23684
28575026,INTC,17.0000,200,SELL,23685
28575029,INTC,16.4200,4000,BUY,23686
28575032,INTC,19.0000,1000,SELL,23687
28575036,INTC,16.0000,4000,BUY,23688
28575262,INTC,21.0000,100,SELL,23711
28575266,INTC,20.9000,200,SELL,23712
28575268,INTC,17.5000,1000,SELL,23713
28575272,INTC,21.0000,800,SELL,23714
28575274,INTC,14.5000,4000,BUY,23715
28575362,INTC,22.0000,40,SELL,23716
28575365,INTC,16.2500,500,BUY,23717
28575369,INTC,16.2500,2900,BUY,23718
28575592,INTC,17.3000,10000,SELL,23726
28575594,INTC,17.2300,500,SELL,23727
28575598,INTC,17.9000,300,SELL,23728
28575692,INTC,16.2500,600,BUY,23729
28575695,INTC,16.5600,500,BUY,23730
28575921,INTC,14.3000,40,BUY,23765
28575925,INTC,15.2000,80,BUY,23766
28575927,INTC,14.2100,36,BUY,23767
28575994,INTC,14.0000,50,BUY,23768
28575997,INTC,16.8500,500,SELL,23769
28576000,INTC,15.3500,2900,BUY,23770
28576003,INTC,15.2000,100,BUY,23771
28576006,INTC,15.5000,100,BUY,23772
28576010,INTC,14.0500,1000,BUY,23773
28576012,INTC,20.0000,299,SELL,23774
28576016,INTC,15.7500,50,BUY,23775
28576019,INTC,15.7500,2000,BUY,23776
28576022,INTC,16.1100,248,BUY,23777
28576025,INTC,17.2700,100,SELL,23778
28576029,INTC,16.7400,995,SELL,23779
28576031,INTC,20.0000,1500,SELL,23780
28576035,INTC,39.0000,30,SELL,23781
28576037,INTC,21.2000,300,SELL,23782
28576361,INTC,21.9500,1000,SELL,23807
28576364,INTC,12.0000,100,BUY,23808
28576367,INTC,18.9500,90,SELL,23809
28576690,INTC,21.0000,60,SELL,23847
28576694,INTC,20.7500,300,SELL,23848
28576755,INTC,21.5000,400,SELL,23851
28576758,INTC,8.1800,1800,BUY,23852
28576762,INTC,21.9000,19,SELL,23853
28576764,INTC,15.0000,650,BUY,23854
28576768,INTC,18.6000,200,SELL,23855
28576771,INTC,20.7400,430,SELL,23856
28576774,INTC,14.7500,200,BUY,23857
28576777,INTC,15.1500,50,BUY,23858
28576781,INTC,14.8000,50,BUY,23859
28576783,INTC,15.0000,500,BUY,23860
28576787,INTC,17.8300,400,SELL,23861
28577075,INTC,12.2500,100,BUY,23878
28577078,INTC,17.6000,1000,SELL,23879
28577081,INTC,13.0000,186,BUY,23880
28577084,INTC,18.0000,300,SELL,23881
28577088,INTC,17.3900,10000,SELL,23882
28577404,INTC,17.1700,450,SELL,23902
28577408,INTC,18.0000,992,SELL,23904
28577410,INTC,23.2000,30,SELL,23906
28577734,INTC,15.0000,400,BUY,23931
28577796,INTC,15.2000,1000,BUY,23935
28577798,INTC,15.0000,100,BUY,23936
28577802,INTC,15.0000,50,BUY,23937
28577805,INTC,15.0000,200,BUY,23938
28577808,INTC,18.8900,3000,SELL,23939
28577811,INTC,25.0000,100,SELL,23940
28577815,INTC,30.0000,100,SELL,23941
28577818,INTC,10.0000,15000,BUY,23942
28577821,INTC,9.0000,10000,BUY,23943
28577824,INTC,17.5000,700,SELL,23944
28578118,INTC,15.8500,60,BUY,23957
28579361,INTC,24.5000,100,SELL,24081
28579364,INTC,20.3500,1000,SELL,24082
28579513,INTC,20.0000,1000,SELL,24087
28579516,INTC,22.4700,100,SELL,24088
28579546,INTC,20.8500,200,SELL,24089
28579549,INTC,15.0000,100,BUY,24091
28579553,INTC,19.4800,80,SELL,24093
28579555,INTC,19.9500,70,SELL,24094
28579559,INTC,21.1000,51,SELL,24095
28579843,INTC,20.0000,140,SELL,24138
28579846,INTC,20.7000,87,SELL,24140
28579849,INTC,13.0000,100,BUY,24142
28579852,INTC,24.5000,1000,SELL,24143
28579855,INTC,22.0000,100,SELL,24144
28579858,INTC,20.9100,100,SELL,24145
28579861,INTC,22.0000,100,SELL,24146
28580007,INTC,18.7000,200,SELL,24154
28580011,INTC,20.1500,500,SELL,24155
28580014,INTC,18.5000,10,SELL,24156
28580017,INTC,15.0000,300,BUY,24157
28580020,INTC,18.6000,350,SELL,24158
28580023,INTC,15.0000,500,BUY,24159
28580026,INTC,18.0000,1000,SELL,24160
28580337,INTC,20.0000,200,SELL,24180
28580430,INTC,21.5000,1000,SELL,24184
28580434,INTC,12.0100,50,BUY,24185
28580437,INTC,12.2900,600,BUY,24186
28580440,INTC,17.3500,900,SELL,24187
28580443,INTC,13.7500,4000,BUY,24188
28580446,INTC,17.8000,236,SELL,24189
28580449,INTC,20.7000,100,SELL,24190
28580453,INTC,17.3400,180,SELL,24191
28580455,INTC,16.9500,1000,SELL,24192
28580459,INTC,15.0000,100,BUY,24193
28580461,INTC,18.7700,250,SELL,24194
28580465,INTC,15.0000,400,BUY,24195
28580776,INTC,23.8200,90,SELL,24237
28580780,INTC,15.0100,250,BUY,24238
28580783,INTC,22.0000,300,SELL,24239
28581106,INTC,14.0000,50,BUY,24262
28581109,INTC,15.0000,960,BUY,24264
28581113,INTC,54.0000,45,SELL,24266
28581115,INTC,18.0000,30,SELL,24268
28581436,INTC,14.5000,200,BUY,24287
28581498,INTC,18.0000,100,SELL,24291
28581501,INTC,15.2500,2000,BUY,24292
28581504,INTC,14.0000,100,BUY,24293
28581507,INTC,14.7000,500,BUY,24294
28581510,INTC,15.0000,50,BUY,24295
28581514,INTC,1.0300,3785,BUY,24296
28581516,INTC,23.2100,100,SELL,24297
28581528,INTC,16.0000,1000,BUY,24299
28581532,INTC,14.8500,100,BUY,24301
28581821,INTC,21.0000,1500,SELL,24333
28581823,INTC,16.3000,3000,BUY,24334
28581827,INTC,15.5100,1000,BUY,24335
28581829,INTC,17.4800,200,SELL,24336
28582150,INTC,15.5500,500,BUY,24358
28582153,INTC,17.4600,200,SELL,24359
28582156,INTC,25.0000,38,SELL,24360
28582480,INTC,17.1900,5000,SELL,24380
28582482,INTC,15.3500,1000,BUY,24382
28582486,INTC,22.2400,575,SELL,24384
28582489,INTC,15.7500,2000,BUY,24386
28582552,INTC,19.9500,2500,SELL,24394
28582555,INTC,16.9800,350,SELL,24395
28582558,INTC,18.4900,200,SELL,24396
28582561,INTC,16.6000,200,BUY,24397
28582564,INTC,21.1300,350,SELL,24398
28582567,INTC,10.0000,50,BUY,24400
28582571,INTC,14.0000,50,BUY,24402
28582573,INTC,20.4000,100,SELL,24404
28582577,INTC,19.9000,400,SELL,24405
28582580,INTC,13.0000,300,BUY,24406
28582583,INTC,18.8500,400,SELL,24407
28582586,INTC,21.0800,532,SELL,24408
28582589,INTC,14.5000,100,BUY,24409
28582592,INTC,21.7400,400,SELL,24410
28582755,INTC,14.6100,130,BUY,24428
28582757,INTC,17.8000,400,SELL,24429
28582761,INTC,18.0000,90,SELL,24430
28583084,INTC,20.9900,602,SELL,24470
28583087,INTC,19.5500,600,SELL,24471
28583090,INTC,22.0000,100,SELL,24472
28583152,INTC,17.7500,100,SELL,24476
28583154,INTC,16.8900,50,SELL,24477
28583158,INTC,16.9900,500,SELL,24478
28583161,INTC,25.0000,15,SELL,24479
28583164,INTC,21.5000,250,SELL,24481
28583167,INTC,16.9800,1000,SELL,24483
28583171,INTC,20.0000,300,SELL,24485
28583173,INTC,17.0000,100,SELL,24487
28583177,INTC,15.0000,500,BUY,24489
28583179,INTC,15.2500,100,BUY,24491
28583183,INTC,14.5000,50,BUY,24493
28583469,INTC,13.0000,200,BUY,24522
28583471,INTC,17.2000,100,SELL,24523
28583475,INTC,22.7500,60,SELL,24524
28583478,INTC,19.0900,700,SELL,24525
28583798,INTC,19.1900,4000,SELL,24545
28583802,INTC,13.0000,100,BUY,24546
28583804,INTC,21.4000,100,SELL,24547
28584049,KLAC,44.4000,65,SELL,24558
28584051,KLAC,27.5000,100,BUY,24559
28584055,KLAC,34.0000,500,BUY,24560
28584058,KLAC,35.0000,100,BUY,24561
28584128,INTC,22.5000,1500,SELL,24562
28584131,INTC,15.9500,300,BUY,24563
28584193,INTC,15.6900,250,BUY,24569
28584195,INTC,19.0000,25,SELL,24570
28584199,INTC,16.0000,313,BUY,24571
28584202,INTC,16.6400,20,BUY,24572
28584205,INTC,17.0000,1560,SELL,24573
28584208,INTC,17.6700,1100,SELL,24574
28584211,INTC,17.0000,1000,SELL,24575
28584214,INTC,17.2500,1000,SELL,24576
28584218,INTC,16.0000,43,BUY,24577
28584378,KLAC,35.0000,50,BUY,24592
28584445,KLAC,1.0100,1000,BUY,24597
28584449,KLAC,36.4000,250,BUY,24598
28584451,KLAC,36.8500,100,BUY,24599
28584455,KLAC,36.0000,50,BUY,24600
28584458,KLAC,39.9200,100,SELL,24601
28584461,KLAC,48.7200,237,SELL,24602
28584512,INTC,16.3000,3000,BUY,24615
28584516,INTC,16.3000,3000,BUY,24616
28584518,INTC,16.2000,800,BUY,24617
28584701,KLAC,1.0000,5000,BUY,24624
28584704,KLAC,38.5000,600,SELL,24625
28584707,KLAC,29.0500,40,BUY,24626
28584710,KLAC,39.0600,600,SELL,24627
28584714,KLAC,41.0000,100,SELL,24628
28584716,KLAC,40.1100,200,SELL,24629
28585537,MSFT,53.6000,400,BUY,24722
28589609,KLAC,41.8700,600,SELL,25154
28589612,KLAC,33.3100,240,BUY,25155
28589616,KLAC,32.0000,100,BUY,25156
28589618,KLAC,37.9500,100,SELL,25157
28589622,KLAC,36.2000,300,BUY,25158
28589625,KLAC,39.0000,200,SELL,25159
28589629,KLAC,38.2000,500,SELL,25160
28589631,KLAC,35.3000,500,BUY,25161
28589635,KLAC,35.9000,500,BUY,25162
28589638,KLAC,39.9800,35,SELL,25163
28592191,MSFT,56.7500,146,SELL,25401
28592193,MSFT,63.3800,50,SELL,25402
28592197,MSFT,58.8600,200,SELL,25403
28592200,MSFT,60.1700,100,SELL,25404
28592203,MSFT,57.0000,300,SELL,25405
28592206,MSFT,50.1000,100,BUY,25406
28592209,MSFT,60.0000,100,SELL,25407
28592213,MSFT,60.0000,170,SELL,25408
28592215,MSFT,58.4000,350,SELL,25409
28592219,MSFT,58.4000,100,SELL,25410
28592222,MSFT,58.8800,178,SELL,25411
28592226,MSFT,46.0000,100,BUY,25412
28592229,MSFT,60.0000,200,SELL,25413
28592232,MSFT,57.1000,200,SELL,25414
28592235,MSFT,55.5000,300,SELL,25415
28592376,MSFT,45.0000,200,BUY,25427
28592378,MSFT,57.5000,100,SELL,25428
28592382,MSFT,62.5000,100,SELL,25429
28592384,MSFT,56.0000,200,SELL,25430
28592556,MSFT,89.1000,1,SELL,25459
28592560,MSFT,54.5000,200,SELL,25460
28592562,MSFT,51.0000,500,BUY,25461
28592673,MSFT,56.5000,110,SELL,25464
28592676,MSFT,1.0000,5000,BUY,25465
28592679,MSFT,55.9900,600,SELL,25466
28592886,MSFT,51.0000,25,BUY,25473
28592948,MSFT,54.5000,100,SELL,25474
28592952,MSFT,52.8500,2000,BUY,25475
28592955,MSFT,53.2100,700,BUY,25476
28592958,MSFT,63.6800,50,SELL,25477
28592961,MSFT,58.4500,85,SELL,25478
28592964,MSFT,58.0000,41,SELL,25479
28592967,MSFT,55.0000,100,SELL,25480
28592971,MSFT,60.0000,100,SELL,25481
28592974,MSFT,54.0000,100,SELL,25482
28592977,MSFT,47.7500,100,BUY,25483
28592980,MSFT,57.3100,18,SELL,25484
28593002,MSFT,43.1700,200,BUY,25485
28593006,MSFT,62.7400,200,SELL,25486
28593008,MSFT,45.0000,100,BUY,25487
28593012,MSFT,56.7100,210,SELL,25488
28593270,MSFT,56.0000,500,SELL,25506
28593274,MSFT,70.0000,100,SELL,25507
28593332,MSFT,44.5000,100,BUY,25512
28593335,MSFT,42.0000,50,BUY,25513
28593338,MSFT,45.0100,200,BUY,25514
28593408,MSFT,52.8200,1000,BUY,25515
28593412,MSFT,54.0000,100,SELL,25516
28593414,MSFT,52.5000,100,BUY,25517
28593418,MSFT,60.0000,310,SELL,25518
28593420,MSFT,62.5000,45,SELL,25519
28593424,MSFT,57.3000,1000,SELL,25520
28593427,MSFT,59.0000,200,SELL,25521
28593431,MSFT,50.0000,120,BUY,25522
28593433,MSFT,59.0000,185,SELL,25523
28593437,MSFT,57.2000,750,SELL,25524
28593439,MSFT,50.0000,4,BUY,25525
28593443,MSFT,57.6500,50,SELL,25526
28593446,MSFT,48.5000,3000,BUY,25528
28593771,MSFT,56.5000,100,SELL,25563
28593775,MSFT,52.0000,7,BUY,25564
28593778,MSFT,53.7600,110,SELL,25565
28595840,INTC,16.8100,100,SELL,25744
28596019,KLAC,39.7100,200,SELL,25759
28596022,KLAC,42.2000,100,SELL,25760
28596025,KLAC,41.0000,500,SELL,25761
28596028,KLAC,30.0000,160,BUY,25762
28596323,KLAC,39.2000,500,SELL,25785
28596326,KLAC,31.0000,500,BUY,25787
28596329,KLAC,40.0000,100,SELL,25789
28596652,KLAC,38.0000,300,SELL,25813
28597087,DELL,1.0000,100,BUY,25854
28600499,MSFT,56.1500,100,SELL,26187
28600502,MSFT,58.0000,200,SELL,26188
28600505,MSFT,61.5000,200,SELL,26189
28600508,MSFT,58.1300,100,SELL,26190
28600512,MSFT,48.0000,200,BUY,26192
28600516,MSFT,40.0000,50,BUY,26194
28600518,MSFT,57.0000,50,SELL,26195
28600521,MSFT,60.0000,20,SELL,26198
28600525,MSFT,50.0000,100,BUY,26200
28600528,MSFT,60.0000,29,SELL,26202
28600806,MSFT,50.0000,75,BUY,26220
28600810,MSFT,58.0000,1000,SELL,26221
28600812,MSFT,59.9500,7,SELL,26222
28600816,MSFT,50.7200,150,BUY,26223
28601136,MSFT,55.6800,200,SELL,26245
28601139,MSFT,58.5000,500,SELL,26246
28601142,MSFT,55.0000,10,SELL,26248
28601391,MSFT,53.7900,100,SELL,26266
28601465,MSFT,55.0000,64,SELL,26271
28601469,MSFT,55.0000,30,SELL,26273
28601472,MSFT,51.0000,100,BUY,26275
28601535,MSFT,47.5300,35,BUY,26279
28601537,MSFT,98.9800,100,SELL,26280
28601541,MSFT,56.0000,100,SELL,26281
28601544,MSFT,40.0000,15,BUY,26282
28601548,MSFT,52.0000,100,BUY,26283
28601550,MSFT,50.0000,200,BUY,26284
28601554,MSFT,52.0000,100,BUY,26286
28601557,MSFT,58.7000,400,SELL,26288
28601560,MSFT,60.0000,20,SELL,26290
28601563,MSFT,53.9500,50,SELL,26292
28601566,MSFT,48.0000,33,BUY,26294
28601569,MSFT,56.9800,100,SELL,26296
28601573,MSFT,56.2500,350,SELL,26298
28601576,MSFT,40.0000,100,BUY,26300
28601579,MSFT,56.5000,100,SELL,26302
28601905,MSFT,58.0000,100,SELL,26345
28601908,MSFT,58.5000,100,SELL,26346
28601911,MSFT,60.0000,1100,SELL,26347
28602234,MSFT,51.0000,100,BUY,26366
28602238,MSFT,47.1100,30,BUY,26368
28602299,MSFT,59.0000,27,SELL,26385
28602303,MSFT,50.1000,100,BUY,26386
28602306,MSFT,56.5000,400,SELL,26387
28602310,MSFT,50.5000,200,BUY,26388
28602313,MSFT,66.0000,1000,SELL,26389
28602316,MSFT,44.9400,200,BUY,26390
28602319,MSFT,58.9600,1300,SELL,26392
28602322,MSFT,61.5000,3000,SELL,26394
28602325,MSFT,52.5000,16,BUY,26396
28602329,MSFT,53.9000,200,SELL,26398
28605599,MSFT,57.7900,300,SELL,26703
28605881,MSFT,63.0000,5,SELL,26746
28605884,MSFT,58.4900,200,SELL,26748
28605888,MSFT,50.5000,200,BUY,26750
28605890,MSFT,58.1300,100,SELL,26752
28605894,MSFT,50.0100,2500,BUY,26754
28606210,MSFT,49.4500,30,BUY,26790
28606214,MSFT,46.2000,100,BUY,26791
28606216,MSFT,51.0000,100,BUY,26792
28606541,MSFT,42.0000,117,BUY,26814
28606543,MSFT,55.0000,200,SELL,26815
28606547,MSFT,35.0000,71,BUY,26816
28606608,MSFT,48.0000,50,BUY,26817
28606612,MSFT,47.4600,8,BUY,26818
28606614,MSFT,50.0000,50,BUY,26819
28606618,MSFT,50.0000,122,BUY,26820
28606620,MSFT,55.0000,10,SELL,26821
28606624,MSFT,59.9500,200,SELL,26822
28606627,MSFT,49.5000,11,BUY,26823
28606630,MSFT,100.0000,30,SELL,26824
28606633,MSFT,40.6100,13,BUY,26825
28606636,MSFT,54.9400,150,SELL,26826
28606639,MSFT,54.4900,225,SELL,26827
28606643,MSFT,53.9800,175,SELL,26828
28606645,MSFT,62.9800,130,SELL,26829
28606649,MSFT,68.9800,200,SELL,26830
28606652,MSFT,65.0000,40,SELL,26831
28606979,MSFT,51.5100,100,BUY,26874
28606983,MSFT,55.0000,50,SELL,26876
28606986,MSFT,68.0000,40,SELL,26878
28607249,CSCO,13.6470,400,SELL,26894
28607310,MSFT,57.0000,500,SELL,26900
28607312,MSFT,57.0000,150,SELL,26901
28607373,MSFT,57.0000,500,SELL,26902
28607377,MSFT,60.0000,18,SELL,26903
28607380,MSFT,70.0000,4,SELL,26904
28607383,MSFT,59.4900,25,SELL,26905
28607386,MSFT,48.0000,50,BUY,26906
28607389,MSFT,49.0500,55,BUY,26907
28607392,MSFT,55.4000,100,SELL,26908
28607395,MSFT,56.0000,325,SELL,26909
28607399,MSFT,12.3400,10,BUY,26911
28607401,MSFT,75.0000,200,SELL,26913
28607405,MSFT,56.0000,100,SELL,26915
28607694,MSFT,56.8000,120,SELL,26923
28607697,MSFT,65.0000,25,SELL,26924
28607700,MSFT,58.0000,500,SELL,26925
28607704,MSFT,58.8000,100,SELL,26926
28607706,MSFT,58.4900,1800,SELL,26927
28608024,MSFT,50.0100,99,BUY,26975
28608027,MSFT,51.0000,10,BUY,26977
28608030,MSFT,45.0000,300,BUY,26979
28608353,MSFT,51.8000,1000,BUY,26994
28608414,MSFT,45.0000,15,BUY,26998
28617779,MSFT,53.5750,1200,BUY,27910
28634144,SUNW,4.5000,700,SELL,29479
28634147,SUNW,3.9500,400,SELL,29480
28634150,SUNW,4.1500,150,SELL,29481
28634470,SUNW,4.0000,500,SELL,29504
28634473,SUNW,10.0000,2850,SELL,29505
28634476,SUNW,4.0000,80,SELL,29506
28634539,SUNW,4.0500,5000,SELL,29516
28634542,SUNW,4.4800,3000,SELL,29517
28634545,SUNW,4.6100,2800,SELL,29518
28634548,SUNW,4.8000,300,SELL,29519
28634551,SUNW,3.7000,1000,SELL,29520
28634554,SUNW,6.5100,2000,SELL,29521
28634558,SUNW,4.2500,200,SELL,29522
28634561,SUNW,2.5000,200,BUY,29523
28634564,SUNW,4.6000,200,SELL,29524
28634567,SUNW,10.0000,1600,SELL,29525
28634571,SUNW,4.5000,200,SELL,29526
28634574,SUNW,4.5000,1500,SELL,29527
28634577,SUNW,4.7500,350,SELL,29528
28634580,SUNW,2.5000,1000,BUY,29529
28634910,SUNW,1.7000,300,BUY,29555
28634913,SUNW,6.0000,700,SELL,29556
28634916,SUNW,3.8600,300,SELL,29557
28634919,SUNW,3.7800,700,SELL,29558
28635239,SUNW,2.7500,1000,BUY,29580
28635243,SUNW,4.0000,50,SELL,29581
28635305,SUNW,5.5000,11000,SELL,29583
28635309,SUNW,4.4500,1000,SELL,29584
28635312,SUNW,3.6000,700,SELL,29585
28635316,SUNW,4.1100,300,SELL,29586
28635318,SUNW,4.5000,70,SELL,29587
28635322,SUNW,17.0000,200,SELL,29588
28635325,SUNW,4.0000,1100,SELL,29589
28635329,SUNW,6.0300,300,SELL,29590
28635331,SUNW,2.8000,1000,BUY,29591
28635335,SUNW,2.9000,165,BUY,29592
28635338,SUNW,28.0000,100,SELL,29593
28635341,SUNW,5.9700,100,SELL,29594
28635624,SUNW,6.3100,300,SELL,29631
28635627,SUNW,2.9100,1000,BUY,29632
28635630,SUNW,5.0000,200,SELL,29633
28635953,SUNW,4.7900,65,SELL,29643
28635957,SUNW,3.4800,700,SELL,29644
28635959,SUNW,5.0000,4000,SELL,29645
28635963,SUNW,4.2500,250,SELL,29646
28636284,SUNW,6.0000,50,SELL,29682
28636345,SUNW,8.0000,100,SELL,29690
28636348,SUNW,8.0000,100,SELL,29692
28636351,SUNW,2.7900,200,BUY,29694
28636355,SUNW,3.0100,1000,BUY,29696
28636358,SUNW,2.0000,500,BUY,29698
28636361,SUNW,3.0000,250,BUY,29700
28636364,SUNW,2.1100,300,BUY,29701
28636367,SUNW,4.5100,2000,SELL,29702
28636370,SUNW,3.0500,610,BUY,29703
28636667,SUNW,2.8100,1200,BUY,29717
28636671,SUNW,15.0000,200,SELL,29718
28636674,SUNW,3.6000,1900,SELL,29719
28636677,SUNW,3.0400,440,BUY,29720
28636773,MSFT,53.6000,1200,BUY,29725
28636997,SUNW,3.0000,1000,BUY,29744
28637000,SUNW,103.2300,295,SELL,29745
28637004,SUNW,4.2500,200,SELL,29746
28637326,SUNW,3.2800,5000,BUY,29772
28637330,SUNW,4.0000,1000,SELL,29773
28637333,SUNW,3.5400,880,SELL,29774
28637336,SUNW,3.5700,2100,SELL,29775
28637399,SUNW,2.8500,1000,BUY,29789
28637402,SUNW,3.2000,300,BUY,29791
28637404,SUNW,2.0000,300,BUY,29792
28637405,SUNW,3.4500,1000,SELL,29793
28637409,SUNW,3.6900,300,SELL,29794
28637411,SUNW,3.9000,1350,SELL,29795
28637415,SUNW,2.5000,500,BUY,29796
28637418,SUNW,4.5000,500,SELL,29797
28637422,SUNW,4.6000,179,SELL,29798
28637425,SUNW,3.8900,250,SELL,29799
28637428,SUNW,3.7900,1000,SELL,29801
28637431,SUNW,3.6300,900,SELL,29802
28637434,SUNW,6.0000,100,SELL,29803
28637437,SUNW,26.0000,610,SELL,29804
28637441,SUNW,4.5000,151,SELL,29805
28637465,SUNW,4.0000,200,SELL,29810
28637468,SUNW,5.0000,4000,SELL,29812
28637471,SUNW,4.5000,300,SELL,29813
28637474,SUNW,4.0000,100,SELL,29814
28637477,SUNW,45.0000,200,SELL,29816
28637481,SUNW,3.8600,2760,SELL,29817
28637483,SUNW,4.6000,2000,SELL,29818
28637487,SUNW,4.0000,5000,SELL,29819
28637489,SUNW,4.1000,1000,SELL,29820
28637493,SUNW,4.0000,350,SELL,29821
28637496,SUNW,4.1500,500,SELL,29822
28637500,SUNW,2.5000,100,BUY,29823
28637502,SUNW,10.0000,3900,SELL,29824
28637506,SUNW,4.8000,130,SELL,29825
28637767,SUNW,3.6000,650,SELL,29830
28637769,SUNW,2.7500,250,BUY,29831
28637773,SUNW,2.2800,600,BUY,29832
28637827,SUNW,3.7000,1475,SELL,29835
28637830,SUNW,3.9500,900,SELL,29836
28637834,SUNW,12.4300,243,SELL,29837
28638095,SUNW,3.9500,1000,SELL,29860
28638113,SUNW,3.5700,750,SELL,29861
28638115,SUNW,7.2400,1000,SELL,29862
28638157,SUNW,2.5000,800,BUY,29863
28638160,SUNW,10.0000,300,SELL,29864
28638163,SUNW,2.6500,500,BUY,29865
28638178,SUNW,17.6500,45,SELL,29866
28638181,SUNW,4.0000,1100,SELL,29867
28638185,SUNW,5.0000,300,SELL,29869
28638188,SUNW,3.7500,300,SELL,29871
28638191,SUNW,15.8600,30,SELL,29873
28638194,SUNW,4.8500,2000,SELL,29874
28638198,SUNW,2.9000,50,BUY,29875
28638200,SUNW,3.5000,500,SELL,29876
28638204,SUNW,2.9000,1200,BUY,29877
28638207,SUNW,2.8500,2500,BUY,29878
28638210,SUNW,2.9000,100,BUY,29879
28638225,SUNW,2.0000,500,BUY,29883
28638228,SUNW,2.7500,100,BUY,29884
28638232,SUNW,2.9000,1000,BUY,29885
28638235,SUNW,2.5000,1000,BUY,29886
28638238,SUNW,2.7900,1100,BUY,29887
28638241,SUNW,2.9000,400,BUY,29888
28638244,SUNW,2.7500,200,BUY,29889
28638247,SUNW,2.5000,1000,BUY,29890
28638250,SUNW,2.8000,154,BUY,29891
28638536,SUNW,2.9000,1500,BUY,29896
28638538,SUNW,5.9500,100,SELL,29897
28638542,SUNW,2.7000,120,BUY,29898
28638542,SUNW,3.9000,588,SELL,29899
28638544,SUNW,2.9500,1000,BUY,29900
28638545,SUNW,3.5700,365,SELL,29901
28638548,SUNW,6.9500,500,SELL,29903
28638551,SUNW,4.8500,1000,SELL,29904
28638554,SUNW,4.6400,200,SELL,29905
28638557,SUNW,4.3900,2000,SELL,29906
28638864,SUNW,8.0000,100,SELL,29935
28638868,SUNW,13.0000,100,SELL,29936
28638871,SUNW,4.0000,5000,SELL,29937
28638871,SUNW,1.0000,100,BUY,29938
28638874,SUNW,4.9800,300,SELL,29939
28638877,SUNW,2.9100,300,BUY,29940
28639126,DELL,27.9900,200,SELL,29961
28639194,SUNW,13.0000,120,SELL,29962
28639197,SUNW,2.5000,2000,BUY,29963
28639201,SUNW,3.7200,2200,SELL,29964
28639204,SUNW,10.0000,3775,SELL,29965
28639262,SUNW,3.7500,250,SELL,29967
28639265,SUNW,4.5200,1000,SELL,29969
28639269,SUNW,4.5000,500,SELL,29971
28639269,SUNW,3.0000,100,BUY,29972
28639271,SUNW,4.5000,177,SELL,29973
28639273,SUNW,3.6300,3399,SELL,29974
28639275,SUNW,4.7600,1000,SELL,29975
28639277,SUNW,9.9900,125,SELL,29976
28639278,SUNW,14.6000,200,SELL,29977
28639281,SUNW,3.5000,5000,SELL,29978
28639281,SUNW,2.9500,1000,BUY,29979
28639283,SUNW,3.4000,200,SELL,29980
28639284,SUNW,4.1800,100,SELL,29981
28639287,SUNW,4.0000,3000,SELL,29982
28639287,SUNW,11.5900,2000,SELL,29983
28639290,SUNW,2.9600,40,BUY,29984
28639293,SUNW,3.0000,200,BUY,29985
28639296,SUNW,2.6000,1000,BUY,29986
28639299,SUNW,120.0000,120,SELL,29987
28639302,SUNW,4.0000,200,SELL,29988
28639306,SUNW,25.0000,100,SELL,29989
28639309,SUNW,3.7500,2000,SELL,29990
28639312,SUNW,4.0300,5000,SELL,29991
28639315,SUNW,3.5500,700,SELL,29992
28639318,SUNW,5.0000,770,SELL,29993
28639579,SUNW,4.3500,500,SELL,30010
28639582,SUNW,4.5500,225,SELL,30011
28639585,SUNW,3.7500,300,SELL,30012
28639640,SUNW,4.3600,500,SELL,30014
28639644,SUNW,10.0000,50,SELL,30015
28639646,SUNW,3.8500,1000,SELL,30017
28639909,SUNW,3.2000,500,BUY,30026
28639911,SUNW,3.8500,40,SELL,30027
28639915,SUNW,3.5400,1300,SELL,30028
28639970,SUNW,3.0500,225,BUY,30030
28640034,SUNW,5.8500,1250,SELL,30038
28640038,SUNW,3.5000,55,SELL,30039
28640041,SUNW,3.1000,340,BUY,30040
28640044,SUNW,3.7400,100,SELL,30041
28640047,SUNW,3.2400,300,BUY,30042
28640050,SUNW,3.2500,9000,BUY,30043
28640053,SUNW,3.3000,300,BUY,30044
28640056,SUNW,3.1500,200,BUY,30045
28640059,SUNW,3.1000,1300,BUY,30046
28640062,SUNW,3.1100,10000,BUY,30048
28640354,SUNW,3.1100,1600,BUY,30073
28640358,SUNW,3.5000,500,SELL,30074
28640360,SUNW,4.0000,200,SELL,30075
28640364,SUNW,4.0300,575,SELL,30076
28640366,SUNW,4.2500,455,SELL,30077
28640370,SUNW,36.2000,500,SELL,30078
28640684,SUNW,4.1000,2115,SELL,30126
28640687,SUNW,4.6900,1000,SELL,30127
28640690,SUNW,4.2500,1000,SELL,30129
28640752,SUNW,2.0500,100,BUY,30142
28640755,SUNW,4.5000,100,SELL,30143
28640758,SUNW,2.5500,25,BUY,30144
28640761,SUNW,2.7500,300,BUY,30145
28640764,SUNW,2.8400,1000,BUY,30146
28640768,SUNW,2.5900,1000,BUY,30147
28640770,SUNW,2.5800,100,BUY,30148
28640774,SUNW,4.2000,1250,SELL,30149
28640776,SUNW,4.5000,2100,SELL,30150
28640780,SUNW,3.9000,1000,SELL,30151
28640783,SUNW,11.0000,100,SELL,30152
28641068,SUNW,3.5900,1000,SELL,30165
28641072,SUNW,2.6500,150,BUY,30166
28641074,SUNW,3.5400,300,SELL,30167
28641398,SUNW,3.0000,250,BUY,30212
28641401,SUNW,3.5000,182,SELL,30213
28641404,SUNW,4.0000,250,SELL,30214
28641407,SUNW,3.4500,736,SELL,30215
28641727,SUNW,3.4700,3000,SELL,30232
28641731,SUNW,8.8500,200,SELL,30234
28641794,SUNW,5.0000,200,SELL,30239
28641798,SUNW,2.8800,3400,BUY,30242
28641800,SUNW,2.6500,1000,BUY,30243
28641804,SUNW,3.5900,200,SELL,30245
28641807,SUNW,3.0500,500,BUY,30246
28641810,SUNW,4.8000,2000,SELL,30248
28641828,SUNW,3.1000,1000,BUY,30251
28641831,SUNW,3.6000,500,SELL,30252
28641834,SUNW,3.2700,1000,BUY,30253
28641837,SUNW,4.6000,750,SELL,30254
28641841,SUNW,3.0000,100,BUY,30255
28641844,SUNW,4.3500,10000,SELL,30256
28641847,SUNW,3.2500,859,BUY,30257
28641850,SUNW,3.3800,1500,SELL,30258
28654146,SUNW,5.0000,800,SELL,31438
28654150,SUNW,2.6100,1000,BUY,31439
28654153,SUNW,4.5000,700,SELL,31440
28654476,SUNW,7.0000,140,SELL,31460
28654479,SUNW,5.0000,200,SELL,31462
28654483,SUNW,4.3000,200,SELL,31464
28654544,SUNW,3.7500,100,SELL,31466
28654547,SUNW,6.2500,1743,SELL,31467
28654550,SUNW,5.0000,300,SELL,31468
28654553,SUNW,3.8000,3360,SELL,31469
28654557,SUNW,3.7300,1000,SELL,31470
28654560,SUNW,5.0000,1400,SELL,31472
28654563,SUNW,4.4000,1100,SELL,31473
28654566,SUNW,3.6400,3000,SELL,31474
28654570,SUNW,8.0000,140,SELL,31475
28654572,SUNW,5.0000,600,SELL,31476
28654576,SUNW,5.5000,10000,SELL,31477
28654861,SUNW,4.2500,4500,SELL,31515
28654864,SUNW,3.7800,850,SELL,31516
28654867,SUNW,3.7000,14000,SELL,31517
28654870,SUNW,4.0000,17,SELL,31518
28655190,SUNW,3.6500,200,SELL,31530
28655194,SUNW,6.2600,100,SELL,31531
28655197,SUNW,5.0000,221,SELL,31532
28655520,SUNW,2.8000,400,BUY,31564
28655523,SUNW,2.6800,200,BUY,31566
28655586,SUNW,3.9500,1200,SELL,31576
28655589,SUNW,2.5000,75,BUY,31577
28655593,SUNW,1.0000,200,BUY,31578
28655596,SUNW,2.8000,100,BUY,31579
28655599,SUNW,2.4500,1000,BUY,31580
28655602,SUNW,4.3800,500,SELL,31581
28655605,SUNW,2.9200,500,BUY,31582
28655608,SUNW,2.8800,1000,BUY,31583
28655611,SUNW,2.8000,2000,BUY,31584
28655904,SUNW,10.0000,130,SELL,31608
28655908,SUNW,3.8000,100,SELL,31609
28655911,SUNW,2.5000,30,BUY,31610
28656235,SUNW,9.0000,90,SELL,31646
28656238,SUNW,4.0000,200,SELL,31647
28656241,SUNW,4.1400,100,SELL,31648
28656243,SUNW,4.2100,3997,SELL,31649
28656271,SUNW,4.3900,500,SELL,31653
28656274,SUNW,4.0000,80,SELL,31654
28656277,SUNW,4.2300,1000,SELL,31655
28656280,SUNW,3.7500,535,SELL,31656
28656283,SUNW,6.0000,200,SELL,31657
28656287,SUNW,4.5000,500,SELL,31658
28656289,SUNW,14.0000,100,SELL,31659
28656293,SUNW,3.7000,10,SELL,31660
28656564,SUNW,4.1000,600,SELL,31669
28656567,SUNW,2.5000,200,BUY,31670
28656570,SUNW,2.8000,2000,BUY,31671
28656585,SUNW,4.5000,1500,SELL,31672
28656587,SUNW,4.9000,1000,SELL,31673
28656591,SUNW,3.7800,600,SELL,31674
28656593,SUNW,4.3900,600,SELL,31675
28656597,SUNW,4.2800,480,SELL,31676
28656599,SUNW,2.6600,400,BUY,31677
28656894,SUNW,4.5000,1150,SELL,31687
28656914,SUNW,4.0000,630,SELL,31694
28656917,SUNW,4.2100,1000,SELL,31696
28656920,SUNW,6.0000,100,SELL,31698
28656956,SUNW,6.8000,200,SELL,31700
28656960,SUNW,4.9900,1500,SELL,31701
28656962,SUNW,4.6200,1000,SELL,31702
28656966,SUNW,5.1000,110,SELL,31703
28656969,SUNW,4.0300,300,SELL,31704
28656972,SUNW,3.4800,650,SELL,31705
28656975,SUNW,2.5500,1000,BUY,31706
28656979,SUNW,3.4500,5000,SELL,31707
28656981,SUNW,3.4500,1000,SELL,31708
28656982,SUNW,4.2700,2000,SELL,31709
28656985,SUNW,3.6000,750,SELL,31710
28656985,SUNW,4.1000,1500,SELL,31711
28656988,SUNW,2.8000,300,BUY,31712
28656989,SUNW,3.7100,200,SELL,31713
28656991,SUNW,2.8500,700,BUY,31714
28656995,SUNW,4.1000,200,SELL,31715
28656997,SUNW,5.3500,100,SELL,31716
28656997,SUNW,2.7000,500,BUY,31717
28656998,SUNW,5.0300,140,SELL,31718
28657001,SUNW,4.1000,1500,SELL,31719
28657003,SUNW,2.7500,1000,BUY,31720
28657007,SUNW,2.7800,1000,BUY,31721
28657009,SUNW,2.5000,1000,BUY,31722
28657013,SUNW,4.0000,290,SELL,31723
28657113,SUNW,3.4800,5000,SELL,31726
28657117,SUNW,3.1500,10000,BUY,31727
28657119,SUNW,3.2000,330,BUY,31728
28657123,SUNW,1.0000,1,BUY,31729
28657299,SUNW,2.7800,100,BUY,31745
28657301,SUNW,4.2000,200,SELL,31746
28657305,SUNW,2.4100,365,BUY,31747
28657443,SUNW,1.0000,1,BUY,31749
28657445,SUNW,1.0000,1,BUY,31750
28657449,SUNW,1.0000,1,BUY,31751
28657511,SUNW,4.2300,200,SELL,31755
28657514,SUNW,4.2500,8800,SELL,31756
28657517,SUNW,2.0000,50,BUY,31757
28657520,SUNW,5.0000,100,SELL,31758
28657523,SUNW,4.4100,76,SELL,31759
28657526,SUNW,5.1200,5000,SELL,31760
28657530,SUNW,5.0000,200,SELL,31761
28657533,SUNW,5.2600,100,SELL,31762
28657536,SUNW,4.0000,120,SELL,31763
28657539,SUNW,4.0000,5000,SELL,31764
28657542,SUNW,4.2500,593,SELL,31766
28657628,SUNW,2.5000,500,BUY,31770
28657631,SUNW,2.7000,100,BUY,31771
28657634,SUNW,2.7000,800,BUY,31772
28657638,SUNW,3.5000,1625,SELL,31773
28657827,SUNW,3.7500,1300,SELL,31776
28657830,SUNW,3.7200,4500,SELL,31778
28657833,SUNW,3.6800,1000,SELL,31780
28657958,SUNW,5.2000,400,SELL,31793
28657960,SUNW,3.8000,350,SELL,31795
28658023,SUNW,4.5000,320,SELL,31799
28658026,SUNW,2.5000,1615,BUY,31800
28658036,SUNW,3.4000,645,SELL,31801
28658037,SUNW,3.0000,2430,BUY,31802
28658038,SUNW,3.9000,300,SELL,31803
28658040,SUNW,2.9900,500,BUY,31804
28658041,SUNW,2.0000,100,BUY,31805
28658044,SUNW,4.2500,600,SELL,31806
28658048,SUNW,3.5800,500,SELL,31807
28658050,SUNW,3.8000,500,SELL,31808
28658054,SUNW,3.0000,300,BUY,31810
28658057,SUNW,2.5000,1000,BUY,31811
28658060,SUNW,6.0000,5400,SELL,31812
28658157,SUNW,1.8100,500,BUY,31816
28658160,SUNW,3.7500,2000,SELL,31818
28658163,SUNW,8.0000,200,SELL,31819
28658166,SUNW,2.9600,200,BUY,31820
28658342,SUNW,3.0000,100,BUY,31821
28658346,SUNW,2.5000,1500,BUY,31822
28658486,SUNW,2.0000,500,BUY,31824
28658490,SUNW,3.8500,100,SELL,31825
28658553,SUNW,2.7000,740,BUY,31828
28658556,SUNW,3.5000,1000,SELL,31830
28658559,SUNW,2.7100,1000,BUY,31831
28658562,SUNW,2.0200,1000,BUY,31832
28658565,SUNW,2.9000,100,BUY,31833
28658569,SUNW,9.0000,2500,SELL,31836
28658571,SUNW,3.5500,3000,SELL,31838
28658575,SUNW,3.6000,750,SELL,31839
28658578,SUNW,6.2100,3000,SELL,31840
28658582,SUNW,3.0000,266,BUY,31841
28658584,SUNW,4.0000,100,SELL,31842
28658588,SUNW,3.5500,200,SELL,31843
28658672,SUNW,3.0100,325,BUY,31844
28658675,SUNW,3.4500,190,SELL,31845
28658678,SUNW,2.7500,750,BUY,31846
28658837,SUNW,5.0600,300,SELL,31850
28658840,SUNW,3.0500,5000,BUY,31851
28658871,SUNW,3.6000,5,SELL,31852
28658874,SUNW,3.7800,2000,SELL,31853
28658877,SUNW,9.2500,70,SELL,31854
28658901,SUNW,4.0000,300,SELL,31857
28658904,SUNW,3.4000,510,SELL,31858
28658907,SUNW,2.7500,300,BUY,31859
28658910,SUNW,2.8700,1610,BUY,31860
28658914,SUNW,4.8100,1000,SELL,31861
28658916,SUNW,3.0500,5000,BUY,31862
28658920,SUNW,5.1000,100,SELL,31863
28658923,SUNW,3.1000,995,BUY,31864
28658926,SUNW,3.4800,400,SELL,31865
28658929,SUNW,3.3200,1075,BUY,31866
28658932,SUNW,5.5000,1500,SELL,31867
28658935,SUNW,3.5200,1150,SELL,31868
28658938,SUNW,3.7000,1000,SELL,31869
28659056,SUNW,4.1000,205,SELL,31871
28659060,SUNW,4.6000,1180,SELL,31872
28659062,SUNW,1.0000,1,BUY,31873
28659201,SUNW,5.0000,300,SELL,31874
28659204,SUNW,4.0000,400,SELL,31875
28659207,SUNW,6.5000,600,SELL,31876
28659210,SUNW,3.4200,50,SELL,31877
28659386,SUNW,1.0000,1,BUY,31878
28659389,SUNW,1.0000,1,BUY,31879
28659392,SUNW,1.0000,1,BUY,31880
28659395,SUNW,1.0000,1,BUY,31881
28659458,SUNW,1.0000,1,BUY,31882
28659461,SUNW,3.5500,810,SELL,31883
28659464,SUNW,3.3000,2800,BUY,31884
28659467,SUNW,3.9800,635,SELL,31885
28659471,SUNW,4.3000,1000,SELL,31886
28659473,SUNW,3.4000,900,SELL,31887
28659477,SUNW,2.7500,500,BUY,31888
28659480,SUNW,3.2200,1500,BUY,31889
28659483,SUNW,4.7100,1000,SELL,31890
28659530,SUNW,3.5500,100,SELL,31891
28659593,SUNW,2.7200,1000,BUY,31892
28659596,SUNW,4.0000,100,SELL,31893
28659599,SUNW,3.0000,3000,BUY,31894
28659602,SUNW,4.0000,292,SELL,31895
28659606,SUNW,2.9500,1000,BUY,31896
28659608,SUNW,1.0000,1,BUY,31897
28659612,SUNW,3.0400,1500,BUY,31898
28659615,SUNW,3.0000,200,BUY,31899
28659618,SUNW,3.0000,200,BUY,31900
28659621,SUNW,3.0200,400,BUY,31901
28659624,SUNW,3.4600,500,SELL,31902
28659627,SUNW,5.0000,1,SELL,31903
28659630,SUNW,1.0000,1,BUY,31904
28659634,SUNW,2.8400,500,BUY,31905
28659770,SUNW,4.4900,1000,SELL,31906
28659774,SUNW,10.2500,141,SELL,31907
28659776,SUNW,15.0000,300,SELL,31908
28659780,SUNW,4.1500,1000,SELL,31909
28659782,SUNW,3.8200,1400,SELL,31910
28659915,SUNW,3.7400,800,SELL,31912
28659918,SUNW,4.4500,1400,SELL,31913
28659921,SUNW,4.0000,1400,SELL,31915
28659924,SUNW,3.1200,4600,BUY,31916
28659927,SUNW,3.6000,400,SELL,31917
28659930,SUNW,3.5900,3000,SELL,31918
28659992,SUNW,3.2100,2000,BUY,31919
28659994,SUNW,3.5100,9100,SELL,31920
28659998,SUNW,3.7500,1600,SELL,31921
28660100,SUNW,4.2000,1500,SELL,31933
28660103,SUNW,3.6100,5000,SELL,31934
28660106,SUNW,4.0000,500,SELL,31935
28660429,SUNW,4.4200,760,SELL,31939
28660433,SUNW,4.0000,2200,SELL,31940
28660435,SUNW,3.6100,1200,SELL,31941
28660499,SUNW,4.4100,101,SELL,31942
28660502,SUNW,5.0000,25,SELL,31943
28660505,SUNW,5.0000,30,SELL,31944
28660508,SUNW,2.3400,233,BUY,31945
28660511,SUNW,3.9900,500,SELL,31946
28660514,SUNW,2.8500,1000,BUY,31947
28660517,SUNW,2.8500,100,BUY,31948
28660520,SUNW,3.5600,7700,SELL,31949
28660524,SUNW,3.9300,1000,SELL,31950
28660526,SUNW,2.9700,1000,BUY,31951
28660530,SUNW,3.8800,1000,SELL,31952
28660532,SUNW,2.8600,1800,BUY,31953
28660536,SUNW,2.1100,500,BUY,31954
28660539,SUNW,2.9000,268,BUY,31955
28660542,SUNW,3.4000,3000,SELL,31956
28660869,SUNW,7.2000,100,SELL,31970
28660872,SUNW,2.5000,2000,BUY,31971
28660876,SUNW,2.4000,500,BUY,31972
28661198,SUNW,2.9500,911,BUY,31981
28661202,SUNW,4.2500,5000,SELL,31982
28661264,SUNW,4.5000,700,SELL,31983
28661267,SUNW,2.8500,200,BUY,31984
28661271,SUNW,3.5600,400,SELL,31985
28661273,SUNW,3.0500,500,BUY,31986
28661277,SUNW,3.0400,1000,BUY,31987
28661279,SUNW,3.1200,2750,BUY,31988
28661283,SUNW,3.1500,3000,BUY,31989
28661286,SUNW,5.5000,100,SELL,31990
28661289,SUNW,3.1000,2500,BUY,31991
28661292,SUNW,3.1000,1000,BUY,31992
28661295,SUNW,3.7500,2000,SELL,31993
28661583,SUNW,3.2600,10000,BUY,31999
28661586,SUNW,3.6300,3670,SELL,32000
28661590,SUNW,3.5800,1000,SELL,32001
28661592,SUNW,3.5500,150,SELL,32002
28661596,SUNW,3.1500,500,BUY,32003
28661913,SUNW,3.5400,120,SELL,32022
28661916,SUNW,3.1800,1500,BUY,32023
28661919,SUNW,3.1200,2000,BUY,32024
28662242,SUNW,3.1500,1000,BUY,32032
28662305,SUNW,3.1900,8725,BUY,32033
28662308,SUNW,3.1300,300,BUY,32034
28666452,MSFT,53.6000,300,BUY,32219
28677609,DELL,1.0000,100,BUY,32795
28682648,SUNW,3.3100,3200,BUY,32963
28688397,SUNW,3.3700,10000,SELL,32986
28694026,MSFT,54.0000,400,SELL,33012
28702852,MSFT,53.8000,100,SELL,33049
28708902,MSFT,53.8000,100,SELL,33075
28745468,SUNW,3.4500,2000,SELL,33244
28764889,KLAC,36.6100,1000,BUY,33317
28773268,IBM,79.9100,600,BUY,33351
28791834,MSFT,54.5000,175,SELL,33422
28792177,GE,25.9800,900,SELL,33423
28801067,SUNW,3.7900,1000,SELL,33487
28801069,SUNW,3.2500,7692,BUY,33488
28801111,SUNW,3.5800,500,SELL,33496
28801112,SUNW,2.9900,5000,BUY,33497
28801113,SUNW,2.9900,2800,BUY,33498
28801137,SUNW,3.2500,1000,BUY,33508
28801188,INTC,16.5200,2000,BUY,33509
28801486,SUNW,3.3800,2900,SELL,33527
28801565,SUNW,3.5000,1000,SELL,33532
28801979,SUNW,3.3800,3300,SELL,33558
28805017,GE,25.8600,300,SELL,33600
28808789,DELL,27.5100,1000,BUY,33641
28814127,DELL,27.5500,500,BUY,33675
28815222,GE,25.7800,1000,SELL,33688
28815361,MSFT,53.9900,150,SELL,33690
28818943,MSFT,53.1600,150,BUY,33730
28822417,SUNW,3.3110,5000,BUY,33752
28822477,DELL,27.5600,1000,BUY,33753
28827215,KLAC,36.6500,1000,BUY,33776
28841958,DELL,27.7200,1000,SELL,33866
28850309,DELL,27.6000,500,BUY,33906
28850622,DELL,1.0000,100,BUY,33907
28851010,DELL,1.0000,100,BUY,33910
28854128,CSCO,14.0000,1100,SELL,33928
28854424,INTC,16.4500,1000,BUY,33930
28862415,MSFT,53.6000,400,BUY,34025
28862979,MSFT,53.6000,1200,BUY,34037
28867400,MSFT,54.3500,150,SELL,34073
28870269,MSFT,53.9500,400,SELL,34090
28876973,CSCO,13.7000,2000,SELL,34129
28881595,MSFT,53.7300,100,SELL,34150
28887035,SUNW,3.3980,6345,SELL,34182
28888376,MSFT,53.9300,50,SELL,34192
28895343,INTC,16.6100,3455,BUY,34246
28897079,MSFT,53.5750,1200,BUY,34263
28897662,MSFT,53.6000,400,BUY,34281
28898400,MSFT,53.6000,1200,BUY,34296
28899285,SUNW,3.3500,2000,BUY,34312
28903561,DELL,26.5700,10,BUY,34351
28904932,CSCO,12.0600,1000,BUY,34360
28912076,INTC,16.8400,100,SELL,34406
28920240,DELL,1.0000,100,BUY,34454
28925599,DELL,26.5700,10,BUY,34514
28926989,IBM,80.2500,1000,BUY,34605
28927123,KLAC,36.8500,1000,BUY,34800
28933553,INTC,16.5000,3000,BUY,36095
28936262,MSFT,53.1600,150,BUY,36156
28937224,INTC,17.0000,200,SELL,36195
28938251,CSCO,13.0800,100,BUY,36239
28938332,CSCO,14.1100,100,SELL,36241
28939778,INTC,16.2400,100,BUY,36286
28939873,INTC,17.3100,100,SELL,36289
28940415,CSCO,13.5600,5000,BUY,36302
28940957,KLAC,36.3500,100,BUY,36317
28941033,KLAC,38.0400,100,SELL,36319
28942853,INTC,16.6500,3455,BUY,36378
28943642,DELL,27.1000,100,BUY,36405
28943719,DELL,28.2200,100,SELL,36406
28944526,MSFT,53.2000,100,BUY,36431
28944601,MSFT,54.2500,100,SELL,36435
28945568,MSFT,53.8500,400,SELL,36467
28953161,MSFT,53.9380,400,SELL,36719
28953208,MSFT,53.9630,1200,SELL,36721
28953361,MSFT,53.9880,1200,SELL,36730
28953414,MSFT,53.6250,400,BUY,36734
28953585,MSFT,53.9880,400,SELL,36742
28953663,MSFT,53.9880,1200,SELL,36746
28953763,MSFT,53.6250,1200,BUY,36753
28954075,SUNW,3.4000,2000,SELL,36765
28955802,MSFT,53.8000,200,SELL,36822
28956218,MSFT,53.9000,400,SELL,36828
28959767,MSFT,53.9630,400,SELL,36896
28960046,MSFT,53.6250,400,BUY,36903
28960200,MSFT,53.6500,1200,BUY,36906
28960201,MSFT,53.9880,1200,SELL,36907
28960360,MSFT,53.6250,400,BUY,36913
28960679,MSFT,53.6250,1200,BUY,36921
28969304,DELL,27.6000,1000,BUY,36971
28971796,CSCO,13.0800,100,BUY,37012
28971862,CSCO,14.1100,100,SELL,37013
28972650,INTC,16.7000,3000,BUY,37028
28973073,INTC,16.3100,100,BUY,37036
28973161,INTC,17.3400,100,SELL,37039
28974210,KLAC,36.3500,100,BUY,37056
28974294,KLAC,38.0400,100,SELL,37057
28974808,CSCO,13.6900,400,SELL,37067
28976739,DELL,27.1000,100,BUY,37102
28976824,DELL,28.2200,100,SELL,37103
28977980,MSFT,53.2000,100,BUY,37120
28978671,MSFT,54.2300,100,SELL,37125
28983841,CSCO,13.6970,400,SELL,37215
28985795,MSFT,53.9800,50,SELL,37249
28986249,SUNW,3.4800,8400,SELL,37256
28986588,MSFT,53.9880,400,SELL,37263
28986680,MSFT,54.0130,1200,SELL,37266
28986750,CSCO,13.6000,4000,BUY,37268
28989557,MSFT,53.9880,1200,SELL,37307
28990024,MSFT,53.6500,1200,BUY,37318
28990932,MSFT,54.0130,1200,SELL,37339
28998358,INTC,16.2400,100,BUY,37439
28999033,KLAC,37.9500,100,SELL,37448
29002378,KLAC,37.9500,100,SELL,37490
29006034,MSFT,53.6750,400,BUY,37531
29006489,MSFT,53.6750,1200,BUY,37540
29007115,MSFT,53.6750,400,BUY,37548
29007733,MSFT,53.9700,1000,SELL,37559
29007822,MSFT,53.6500,400,BUY,37563
29007824,MSFT,53.9880,400,SELL,37564
29008098,MSFT,53.6750,400,BUY,37571
29008104,MSFT,54.0130,1200,SELL,37574
29008262,MSFT,53.6500,1200,BUY,37578
29011638,MSFT,53.6250,1200,BUY,37627
29012375,MSFT,53.6500,400,BUY,37635
29012570,MSFT,53.9880,400,SELL,37639
29012899,MSFT,53.6500,1200,BUY,37648
29013157,MSFT,53.6500,400,BUY,37650
29013430,MSFT,53.6500,1200,BUY,37655
29013700,MSFT,53.6500,400,BUY,37659
29013907,MSFT,53.6750,400,BUY,37663
29013908,MSFT,54.0130,1200,SELL,37664
29014335,MSFT,53.6500,400,BUY,37677
29014805,MSFT,53.6500,1200,BUY,37684
29018065,INTC,16.8300,3000,SELL,37717
29036844,MSFT,54.4800,1000,SELL,37849
29038208,KLAC,36.8600,1000,BUY,37859
29065600,CSCO,13.5600,400,BUY,38056
29070047,MSFT,10.0000,100,BUY,38088
29071229,DELL,29.5300,400,SELL,38094
29072329,CSCO,13.5630,400,BUY,38103
29073330,MSFT,53.9880,1200,SELL,38109
29073625,MSFT,53.6500,400,BUY,38114
29073996,MSFT,53.6750,400,BUY,38118
29073998,MSFT,54.0130,1200,SELL,38119
29075031,MSFT,10.0000,100,BUY,38133
29075379,MSFT,53.6500,400,BUY,38138
29076167,SUNW,3.4800,8400,SELL,38147
29076987,MSFT,53.6500,1200,BUY,38152
29078203,MSFT,10.0000,100,BUY,38166
29078768,SUNW,3.3690,3100,SELL,38168
29079751,SUNW,3.8000,1000,SELL,38176
29083237,MSFT,10.0000,100,BUY,38192
29088401,MSFT,10.0000,100,BUY,38228
29093386,MSFT,10.0000,100,BUY,38318
29094938,MSFT,54.2000,50,SELL,38335
29106247,DELL,1.0000,100,BUY,38406
29107393,GE,25.9700,300,SELL,38412
29108769,CSCO,13.5000,3300,BUY,38421
29108965,DELL,29.6400,200,SELL,38422
29114230,DELL,1.0000,1,BUY,38448
29120590,CSCO,15.2000,100,SELL,38496
29124104,MSFT,53.9880,400,SELL,38513
29124490,MSFT,53.6250,1200,BUY,38517
29124615,MSFT,53.6750,400,BUY,38519
29124617,MSFT,54.0130,1200,SELL,38520
29126813,MSFT,53.6250,1200,BUY,38548
29126814,MSFT,53.9880,1200,SELL,38549
29127243,MSFT,53.6500,1200,BUY,38560
29130829,GE,24.9300,300,BUY,38601
29131425,MSFT,53.6250,1200,BUY,38618
29131554,MSFT,54.0130,1200,SELL,38620
29131925,MSFT,53.6500,1200,BUY,38636
29138364,MSFT,53.6750,400,BUY,38704
29139805,INTC,16.7200,3000,BUY,38718
29140027,MSFT,53.6750,1200,BUY,38721
29143437,GE,24.9400,900,BUY,38742
29146203,SUNW,3.3500,2000,SELL,38755
29149982,GE,25.9600,900,SELL,38781
29150504,DELL,1.0000,1,BUY,38787
29168163,MSFT,53.6750,400,BUY,38882
29177749,CSCO,13.6900,4400,SELL,38989
29179021,CSCO,13.6000,400,BUY,38996
29181841,INTC,15.4500,3000,BUY,39010
29181991,MSFT,54.0130,400,SELL,39011
29186163,CSCO,13.6030,400,BUY,39048
29186417,MSFT,54.0130,1200,SELL,39054
29192472,DELL,27.6100,50,BUY,39094
29192727,MSFT,52.9000,100,BUY,39096
29220213,DELL,27.6010,1200,BUY,39270
29221329,MSFT,53.9800,500,SELL,39275
29226400,MSFT,53.6500,400,BUY,39337
29226868,MSFT,53.6500,1200,BUY,39355
29227736,MSFT,53.6500,400,BUY,39391
29230324,DELL,1.0000,100,BUY,39438
29232159,MSFT,53.6750,400,BUY,39453
29237850,MSFT,53.6500,400,BUY,39494
29237852,MSFT,53.9880,1200,SELL,39495
29239355,MSFT,53.9880,400,SELL,39512
29240627,MSFT,54.0130,1200,SELL,39526
29241435,MSFT,53.6500,1200,BUY,39535
29241807,MSFT,54.0380,1200,SELL,39546
29243507,MSFT,53.6750,400,BUY,39566
29244626,MSFT,53.6750,1200,BUY,39585
29244928,MSFT,53.6750,400,BUY,39591
29246327,MSFT,54.0130,400,SELL,39604
29251914,MSFT,53.9700,50,SELL,39689
29262293,KLAC,37.0000,20,BUY,39784
29270899,MSFT,53.6500,1200,BUY,39867
29270901,MSFT,53.9880,400,SELL,39868
29271942,MSFT,54.0130,400,SELL,39887
29283576,MSFT,54.2900,100,SELL,39983
29285609,INTC,16.0100,200,BUY,40006
29287529,CSCO,13.5600,900,BUY,40022
29290492,MSFT,53.6750,400,BUY,40039
29290731,SUNW,3.4100,1900,SELL,40043
29293595,MSFT,53.7500,100,BUY,40066
29296398,INTC,16.7400,1000,BUY,40078
29297063,MSFT,53.7500,500,SELL,40085
29297152,MSFT,53.7900,10,SELL,40086
29307526,SUNW,3.3600,1500,SELL,40150
29310588,INTC,16.7500,1000,BUY,40174
29314196,SUNW,3.2400,2602,BUY,40197
29317969,INTC,16.7600,1000,BUY,40222
29318630,DELL,27.8300,10,SELL,40227
29323375,CSCO,13.5110,5000,BUY,40355
29334045,MSFT,54.0130,1200,SELL,40427
29337564,INTC,16.8000,100,SELL,40460
29341565,MSFT,54.2400,50,SELL,40515
29344894,MSFT,53.6500,1200,BUY,40556
29345001,MSFT,53.9880,400,SELL,40562
29346542,MSFT,54.0130,1200,SELL,40615
29348836,MSFT,54.0130,400,SELL,40694
29349288,SUNW,3.3200,5000,BUY,40705
29349414,KLAC,37.2100,500,BUY,40709
29350870,MSFT,54.0130,1200,SELL,40743
29351129,SUNW,1.0000,1,BUY,40748
29351565,MSFT,53.6750,400,BUY,40765
29353365,DELL,27.6800,10,SELL,40785
29353671,MSFT,53.6500,1200,BUY,40800
29353672,MSFT,53.9880,1200,SELL,40801
29354667,MSFT,53.9880,400,SELL,40836
29355252,MSFT,54.0130,1200,SELL,40855
29356781,IBM,80.2800,200,BUY,40889
29357116,MSFT,54.0380,1200,SELL,40898
29358175,MSFT,54.0130,400,SELL,40925
29358613,MSFT,53.6750,1200,BUY,40934
29359774,MSFT,54.0630,1200,SELL,40959
29359854,IBM,81.0800,100,SELL,40965
29360316,MSFT,53.7000,400,BUY,40985
29364117,MSFT,53.6750,1200,BUY,41062
29364400,MSFT,54.0380,400,SELL,41077
29366221,MSFT,53.7000,400,BUY,41127
29366525,MSFT,53.6750,1200,BUY,41144
29366788,MSFT,54.0130,400,SELL,41154
29367367,MSFT,54.0380,400,SELL,41177
29369091,MSFT,53.7000,400,BUY,41211
29373601,MSFT,54.0630,1200,SELL,41265
29376077,MSFT,53.7000,1200,BUY,41303
29379341,MSFT,54.0380,400,SELL,41339
29388014,IBM,1.0000,100,BUY,41400
29388538,INTC,16.8300,1000,SELL,41410
29388569,KLAC,36.9000,1000,BUY,41411
29391949,SUNW,5.0000,2,SELL,41437
29396041,DELL,26.7000,500,BUY,41487
29398699,MSFT,54.2500,350,SELL,41529
29413121,IBM,1.0000,100,BUY,41704
29415561,MSFT,26.0000,100,BUY,41727
29416566,MSFT,53.6750,1200,BUY,41745
29416567,MSFT,54.0130,1200,SELL,41746
29417104,MSFT,54.0380,1200,SELL,41766
29417892,MSFT,54.0380,400,SELL,41795
29423672,CSCO,1.0000,100,BUY,41880
29424166,DELL,27.6300,1000,BUY,41886
29426287,MSFT,53.7000,400,BUY,41933
29428109,INTC,17.2800,500,SELL,41966
29432112,MSFT,53.6750,1200,BUY,42018
29435306,MSFT,54.0380,1200,SELL,42082
29444067,DELL,26.5700,10,BUY,42214
29483848,MSFT,53.7000,400,BUY,42795
29487365,MSFT,53.7500,250,SELL,42837
29491305,CSCO,13.6030,300,BUY,42888
29499711,KLAC,38.0400,100,SELL,42995
29500737,KLAC,38.0400,100,SELL,43011
29500960,MSFT,54.0380,400,SELL,43014
29504985,KLAC,38.2400,100,SELL,43065
29505127,KLAC,38.2400,100,SELL,43066
29512642,MSFT,54.0630,1200,SELL,43127
29516130,MSFT,52.8500,10,BUY,43179
29516280,DELL,26.7200,100,BUY,43180
29522882,MSFT,53.7000,1200,BUY,43260
29539890,INTC,16.7600,400,SELL,43449
29541348,MSFT,54.3100,100,SELL,43473
29542426,CSCO,13.6000,1000,BUY,43493
29543811,DELL,5.0000,100,BUY,43508
29551477,CSCO,13.7500,24044,SELL,43574
29554447,DELL,1.0000,100,BUY,43600
29555430,MSFT,53.7250,400,BUY,43609
29558209,KLAC,38.4700,500,SELL,43646
29559870,DELL,28.2600,200,SELL,43662
29564259,SUNW,3.3300,15000,BUY,43695
29566609,CSCO,13.6010,900,BUY,43715
29578626,INTC,16.6300,3455,BUY,43830
29582508,MSFT,53.7000,1200,BUY,43868
29583237,INTC,16.6100,3455,BUY,43882
29586859,SUNW,4.5000,300,SELL,43922
29589919,MSFT,54.0630,400,SELL,43981
29591399,CSCO,13.7500,6850,SELL,44018
29592384,SUNW,3.3900,6000,SELL,44037
29597695,INTC,16.7400,1000,BUY,44101
29607931,IBM,80.9300,100,SELL,44219
29637855,MSFT,9.8300,100,BUY,44508
29650686,MSFT,54.0380,400,SELL,44706
29654967,INTC,16.8100,1000,SELL,44777
29655363,CSCO,13.6040,5000,BUY,44780
29655574,MSFT,53.3300,500,BUY,44786
29656145,INTC,16.7900,2693,SELL,44787
29662083,DELL,27.9900,1000,SELL,44826
29672031,DELL,1.0000,100,BUY,44880
29680164,MSFT,54.0630,1200,SELL,44990
29687558,MSFT,53.3400,400,BUY,45045
29705060,MSFT,53.7250,400,BUY,45345
29711139,GE,24.9500,300,BUY,45801
29718733,GE,25.9500,300,SELL,46398
29724158,KLAC,37.2700,700,BUY,46756
29733771,MSFT,54.0630,400,SELL,47143
29734140,MSFT,54.0880,1200,SELL,47162
29735194,MSFT,54.1130,1200,SELL,47204
29735482,MSFT,53.7250,1200,BUY,47219
29737681,MSFT,54.0880,1200,SELL,47301
29740013,MSFT,54.0630,400,SELL,47389
29743548,DELL,27.7100,400,SELL,47450
29751949,KLAC,37.1500,160,BUY,47522
29755415,MSFT,53.7250,400,BUY,47557
29756349,MSFT,54.0880,1200,SELL,47568
29758151,CSCO,13.6800,500,SELL,47595
29783591,MSFT,57.2000,200,SELL,47867
29785259,MSFT,53.7250,1200,BUY,47899
29795341,INTC,16.7600,400,BUY,47984
29796320,SUNW,3.4500,300,SELL,47988
29805720,KLAC,37.3500,100,SELL,48057
29808523,CSCO,13.6300,2500,SELL,48117
29819401,CSCO,13.6200,2500,SELL,48250
29846322,MSFT,53.7250,400,BUY,48569
29846519,MSFT,54.0630,1200,SELL,48574
29848459,MSFT,53.7000,1200,BUY,48610
29852359,MSFT,54.0880,1200,SELL,48672
29852448,MSFT,53.7250,400,BUY,48677
29854042,MSFT,53.7000,1200,BUY,48723
29854044,MSFT,54.0380,1200,SELL,48724
29854167,MSFT,53.5000,200,BUY,48729
29855074,MSFT,53.8800,400,SELL,48752
29859819,KLAC,37.7300,200,SELL,48807
29861997,CSCO,13.5000,2500,BUY,48820
29864978,MSFT,54.0630,1200,SELL,48847
29865538,KLAC,37.3500,100,BUY,48852
29869215,MSFT,54.0630,400,SELL,48901
29870578,MSFT,53.7250,400,BUY,48914
29870730,MSFT,53.5000,200,BUY,48918
29871842,MSFT,53.7000,1200,BUY,48943
29872537,MSFT,54.0630,1200,SELL,48963
29872666,MSFT,53.7250,400,BUY,48969
29878498,MSFT,53.7000,1200,BUY,49037
29878503,MSFT,54.0380,1200,SELL,49038
29883540,MSFT,54.0380,400,SELL,49116
29885806,MSFT,53.7250,1200,BUY,49156
29885807,MSFT,54.0630,1200,SELL,49157
29886027,MSFT,53.5000,200,BUY,49169
29887030,MSFT,53.7250,400,BUY,49197
29887825,MSFT,53.7000,1200,BUY,49217
29887979,MSFT,53.5000,200,BUY,49227
29893986,MSFT,53.6750,1200,BUY,49283
29893987,MSFT,54.0130,1200,SELL,49285
29894245,MSFT,53.5000,200,BUY,49292
29897516,INTC,16.3000,450,BUY,49343
29898570,MSFT,53.8000,1674,SELL,49350
29902888,MSFT,56.0000,500,SELL,49387
29903851,MSFT,53.5500,300,BUY,49404
29916473,MSFT,54.0130,400,SELL,49573
29917826,MSFT,54.0380,1200,SELL,49589
29923661,MSFT,54.0380,400,SELL,49684
29926417,MSFT,1.0000,100,BUY,49722
29927445,MSFT,1.0000,100,BUY,49729
29927805,MSFT,1.0000,100,BUY,49730
29928002,MSFT,54.0380,1200,SELL,49740
29928152,MSFT,1.0000,100,BUY,49742
29928471,MSFT,1.0000,100,BUY,49743
29930547,INTC,16.7600,100,BUY,49781
29930573,MSFT,53.7000,1200,BUY,49787
29941031,MSFT,53.7000,400,BUY,49960
29944895,MSFT,54.0380,400,SELL,50027
29950902,MSFT,54.0630,1200,SELL,50097
29951340,MSFT,53.7000,1200,BUY,50107
29951713,MSFT,54.0630,400,SELL,50118
29954163,MSFT,54.0630,1200,SELL,50154
29955858,INTC,16.7800,3000,SELL,50171
29956734,MSFT,53.7800,100,SELL,50178
29962391,CSCO,13.7700,2000,SELL,50246
29966390,KLAC,37.3700,400,BUY,50294
29971934,KLAC,37.7300,200,SELL,50355
29988664,CSCO,15.6000,1000,SELL,50530
29989870,CSCO,13.6100,500,BUY,50536
29996824,MSFT,53.8600,400,SELL,50607
29998715,CSCO,13.6020,5000,BUY,50631
30013574,MSFT,53.5000,300,BUY,50848
30015876,INTC,16.6000,1000,BUY,50879
30019462,IBM,81.0800,100,SELL,50923
30020575,MSFT,53.7700,1000,SELL,50930
30021926,MSFT,26.0000,100,BUY,50942
30024187,INTC,16.7700,2693,SELL,50976
30027692,INTC,16.7800,20000,SELL,51017
30031298,SUNW,3.3310,3000,BUY,51046
30033301,CSCO,13.6400,100,SELL,51064
30039125,CSCO,13.6400,500,SELL,51155
30040075,SUNW,3.3900,5000,SELL,51182
30040487,MSFT,53.6500,200,BUY,51198
30041231,MSFT,54.0380,400,SELL,51209
30042594,INTC,16.9900,2000,SELL,51237
30044878,KLAC,37.5700,480,SELL,51272
30046652,MSFT,53.7500,1674,SELL,51323
30057069,KLAC,37.3700,100,BUY,51438
30067140,GE,25.5000,10000,BUY,51581
30069771,MSFT,53.8000,175,SELL,51612
30071236,CSCO,13.0000,500,BUY,51624
30080772,KLAC,37.3500,2200,SELL,51746
30088804,MSFT,53.3500,200,BUY,51816
30094961,GE,25.9500,200,SELL,51861
30094984,GE,25.9500,100,SELL,51862
30095173,GE,25.9500,300,SELL,51865
30097088,SUNW,3.5000,80,SELL,51882
30104717,MSFT,54.0630,400,SELL,51973
30105117,MSFT,54.0630,1200,SELL,51979
30109955,CSCO,13.7200,500,SELL,52023
30121016,CSCO,13.9000,1000,SELL,52125
30125302,GE,25.9400,200,SELL,52156
30128516,SUNW,3.4000,1000,SELL,52182
30136513,SUNW,3.2500,8500,BUY,52242
30136667,KLAC,36.2700,500,BUY,52246
30138314,GE,25.7900,1000,SELL,52262
30140212,DELL,28.2000,500,SELL,52277
30145957,MSFT,53.8000,2041,BUY,52320
30148704,KLAC,37.1000,160,BUY,52369
30149092,SUNW,3.3400,9500,BUY,52378
30154955,MSFT,53.8000,59,SELL,52432
30156935,GE,25.7300,1000,SELL,52450
30157956,SUNW,3.3300,10000,BUY,52462
30158146,MSFT,53.0500,200,BUY,52464
30158910,MSFT,1.1250,200,BUY,52475
30158968,CSCO,1.2500,200,BUY,52477
30159309,INTC,1.3750,200,BUY,52480
30159987,MSFT,54.0380,400,SELL,52491
30162934,GE,25.7200,200,SELL,52522
30169586,MSFT,53.7610,541,BUY,52568
30175515,SUNW,3.3000,845,BUY,52612
30177030,DELL,28.0000,1000,SELL,52626
30177262,DELL,28.3900,100,SELL,52628
30177388,DELL,28.3900,100,SELL,52631
30178629,MSFT,53.7030,200,BUY,52639
30182043,DELL,27.8900,100,SELL,52656
30184585,MSFT,54.0630,1200,SELL,52668
30189878,DELL,27.8890,500,SELL,52728
30197055,INTC,18.3000,860,SELL,52813
30206991,KLAC,37.0500,160,BUY,52962
30235663,MSFT,53.6750,1200,BUY,53185
30235664,MSFT,54.0130,1200,SELL,53186
30241727,INTC,16.7200,150,BUY,53263
30251039,MSFT,53.6200,600,BUY,53325
30251570,MSFT,54.0130,400,SELL,53332
30261154,MSFT,54.0130,1200,SELL,53505
30263529,MSFT,54.0130,400,SELL,53549
30266965,SUNW,3.0000,1000,BUY,53576
30268689,MSFT,53.7000,1200,BUY,53592
30268691,MSFT,54.0380,1200,SELL,53593
30273016,MSFT,54.0380,400,SELL,53688
30304757,INTC,16.1000,100,BUY,53916
30320965,MSFT,53.8500,1000,SELL,54038
30324009,CSCO,13.6300,1450,SELL,54068
30329523,MSFT,52.8500,100,BUY,54134
30331379,KLAC,37.7300,100,SELL,54143
30332643,MSFT,53.8000,441,BUY,54157
30339077,INTC,16.9900,1500,SELL,54237
30339479,CSCO,13.3800,400,BUY,54241
30342485,KLAC,38.2400,400,SELL,54275
30342664,MSFT,53.7600,600,BUY,54281
30351967,KLAC,37.2600,200,BUY,54369
30352862,INTC,8.7500,2000,BUY,54381
30358866,SUNW,3.0600,1000,BUY,54444
30361832,CSCO,13.6000,100,BUY,54485
30363545,INTC,16.2700,100,BUY,54499
30370154,SUNW,3.3800,5000,SELL,54541
30373607,MSFT,54.0630,1200,SELL,54571
30377237,MSFT,53.1800,600,BUY,54610
30377792,MSFT,54.0630,400,SELL,54614
30380211,MSFT,53.7250,1200,BUY,54635
30384528,CSCO,13.6100,1000,BUY,54690
30385104,DELL,27.8800,400,SELL,54694
30386795,MSFT,54.0630,1200,SELL,54708
30390383,SUNW,3.3700,5000,SELL,54738
30392807,KLAC,37.7290,300,SELL,54751
30393016,CSCO,13.1300,100,BUY,54755
30396472,MSFT,54.0630,400,SELL,54804
30397700,SUNW,3.4100,2000,SELL,54838
30397823,KLAC,37.0000,160,BUY,54839
30402523,SUNW,3.3800,6000,SELL,54907
30403567,DELL,26.0500,500,BUY,54919
30406534,SUNW,3.3410,5000,BUY,54940
30409617,SUNW,3.3700,2000,SELL,54971
30414305,INTC,16.7900,800,SELL,55003
30418874,MSFT,53.6000,600,BUY,55050
30422339,INTC,16.7600,150,BUY,55068
30440769,MSFT,53.7000,1200,BUY,55267
30445822,SUNW,3.5000,1000,SELL,55341
30447367,INTC,16.6500,1000,BUY,55357
30453257,KLAC,37.2500,200,BUY,55413
30459837,KLAC,38.5000,1000,SELL,55462
30460982,DELL,27.8790,500,SELL,55468
30464656,KLAC,37.2400,200,BUY,55517
30469070,SUNW,3.1700,300,BUY,55598
30470207,MSFT,53.7610,600,BUY,55615
30471178,DELL,27.7100,700,BUY,55624
30472821,KLAC,37.2000,200,BUY,55643
30476094,MSFT,53.8500,1000,SELL,55683
30476877,DELL,5.0000,100,BUY,55701
30476983,KLAC,37.1600,200,BUY,55702
30477344,SUNW,3.3600,100,SELL,55710
30481489,KLAC,37.1300,200,BUY,55746
30492126,MSFT,53.6100,600,BUY,55868
30493517,KLAC,37.6700,100,SELL,55883
30500808,MSFT,53.1800,600,BUY,55960
30500811,MSFT,53.1800,900,BUY,55961
30511591,INTC,16.7700,400,SELL,56028
30524941,SUNW,3.3790,1900,SELL,56141
30525056,SUNW,3.3410,5000,BUY,56143
30556909,GE,25.7200,400,SELL,56545
30561061,KLAC,36.0000,10,BUY,56601
30566545,MSFT,1.5000,100,BUY,56652
30568775,KLAC,36.9400,100,BUY,56674
30586772,MSFT,54.0630,1200,SELL,56896
30600260,MSFT,53.7100,600,BUY,57042
30601127,INTC,15.0000,100,BUY,57052
30601721,INTC,16.7600,5000,BUY,57065
30607112,CSCO,13.7500,2000,SELL,57145
30619586,MSFT,53.7100,600,BUY,57293
30622905,GE,25.9800,500,SELL,57325
30628578,KLAC,36.9000,160,BUY,57378
30629364,INTC,16.4800,5000,BUY,57385
30633853,MSFT,53.7190,200,BUY,57423
30635146,KLAC,37.9000,2500,SELL,57437
30639330,MSFT,54.0380,1200,SELL,57494
30641644,SUNW,3.3790,2900,SELL,57529
30652305,CSCO,13.8000,200,SELL,57698
30659425,CSCO,13.2000,2900,BUY,57767
30659605,CSCO,13.1000,2900,BUY,57769
30660089,CSCO,13.0000,2900,BUY,57773
30660109,CSCO,12.9000,2900,BUY,57774
30660616,CSCO,12.8000,2900,BUY,57784
30660618,CSCO,12.7000,2900,BUY,57785
30660619,CSCO,12.6000,2900,BUY,57786
30660621,CSCO,12.5000,2900,BUY,57787
30660624,CSCO,12.4000,2900,BUY,57788
30660625,CSCO,12.3000,2900,BUY,57789
30660627,CSCO,12.2000,2900,BUY,57790
30660629,CSCO,12.1000,2900,BUY,57791
30663365,IBM,70.0000,300,BUY,57821
30664830,SUNW,3.3700,7000,SELL,57843
30667968,CSCO,13.8500,8000,SELL,57857
30668328,CSCO,13.9500,8000,SELL,57862
30668729,CSCO,14.0500,8000,SELL,57868
30668883,CSCO,14.1500,8000,SELL,57869
30669016,CSCO,14.2500,8000,SELL,57870
30669058,CSCO,14.3500,8000,SELL,57873
30669066,CSCO,14.4500,8000,SELL,57874
30669081,CSCO,14.5500,8000,SELL,57875
30669083,CSCO,14.6500,8000,SELL,57876
30669087,CSCO,14.7500,8000,SELL,57877
30672306,GE,26.9100,100,SELL,57904
30674083,MSFT,53.6000,400,BUY,57917
30680981,SUNW,3.3600,355,SELL,57972
30683449,DELL,26.9500,1700,BUY,57991
30683750,DELL,26.8500,1700,BUY,57993
30683855,DELL,26.7500,1700,BUY,57996
30684343,DELL,26.6500,1700,BUY,58003
30684358,DELL,26.5500,1700,BUY,58004
30684389,DELL,26.4500,1700,BUY,58005
30684428,DELL,26.3500,1700,BUY,58007
30684494,DELL,26.2500,1700,BUY,58008
30684498,DELL,26.1500,1700,BUY,58009
30684543,DELL,26.0500,1700,BUY,58010
30684582,DELL,25.9500,1700,BUY,58012
30684596,DELL,25.8500,1700,BUY,58013
30696755,DELL,27.8500,1500,SELL,58122
30697069,DELL,27.9500,1500,SELL,58137
30697229,DELL,28.0500,1500,SELL,58141
30697786,DELL,28.1500,1500,SELL,58149
30697793,DELL,28.2500,1500,SELL,58150
30697804,DELL,28.3500,1500,SELL,58151
30697840,DELL,28.4500,1500,SELL,58152
30697857,DELL,28.5500,1500,SELL,58153
30697862,DELL,28.6500,1500,SELL,58154
30697870,DELL,28.7500,1500,SELL,58155
30697878,DELL,28.8500,1500,SELL,58156
30697892,DELL,28.9500,1500,SELL,58157
30700795,MSFT,53.7000,400,BUY,58199
30702385,SUNW,3.3700,700,SELL,58237
30711622,KLAC,37.3000,200,BUY,58363
30712866,SUNW,3.1400,100,BUY,58378
30714859,MSFT,53.6750,1200,BUY,58399
30720340,KLAC,37.2900,200,BUY,58454
30721296,CSCO,13.6100,500,BUY,58467
30725119,INTC,16.7400,1000,BUY,58522
30725225,INTC,16.7900,1000,SELL,58525
30727123,MSFT,1.2500,200,BUY,58553
30727227,CSCO,1.2500,200,BUY,58556
30727467,INTC,1.2500,200,BUY,58559
30731894,SUNW,3.3730,2900,SELL,58595
30734739,MSFT,54.0130,1200,SELL,58615
30738875,MSFT,54.0380,400,SELL,58671
30738946,MSFT,53.7000,1200,BUY,58675
30739746,MSFT,54.0630,1200,SELL,58701
30741606,MSFT,54.0380,1200,SELL,58738
30742227,CSCO,13.8000,200,SELL,58750
30749391,INTC,15.9000,600,BUY,58820
30749748,INTC,15.8000,600,BUY,58823
30750069,INTC,15.7000,600,BUY,58828
30750076,INTC,15.6000,600,BUY,58829
30750084,INTC,15.5000,600,BUY,58830
30750113,INTC,15.4000,600,BUY,58831
30750345,INTC,15.3000,600,BUY,58837
30750347,INTC,15.2000,600,BUY,58838
30750349,INTC,15.1000,600,BUY,58839
30750351,INTC,15.0000,600,BUY,58840
30750353,INTC,14.9000,600,BUY,58841
30750355,INTC,14.8000,600,BUY,58842
30758218,INTC,16.9500,2900,SELL,58911
30758559,INTC,17.0500,2900,SELL,58919
30758860,INTC,17.1500,2900,SELL,58923
30758877,MSFT,53.5500,400,BUY,58924
30759260,INTC,17.2500,2900,SELL,58930
30759266,INTC,17.3500,2900,SELL,58931
30759283,INTC,17.4500,2900,SELL,58932
30759318,INTC,17.5500,2900,SELL,58933
30759323,INTC,17.6500,2900,SELL,58934
30759338,INTC,17.7500,2900,SELL,58937
30759344,INTC,17.8500,2900,SELL,58938
30759352,INTC,17.9500,2900,SELL,58939
30759361,INTC,18.0500,2900,SELL,58940
30760329,CSCO,13.6200,9106,BUY,58950
30774582,KLAC,35.6500,400,BUY,59067
30774887,KLAC,35.1500,400,BUY,59073
30775283,KLAC,34.6500,400,BUY,59074
30775686,KLAC,34.1500,400,BUY,59080
30775697,KLAC,33.6500,400,BUY,59081
30775702,KLAC,33.1500,400,BUY,59082
30775744,KLAC,32.6500,400,BUY,59084
30775750,KLAC,32.1500,400,BUY,59085
30776540,MSFT,1.0000,100,BUY,59091
30777170,DELL,27.8490,500,SELL,59098
30785378,SUNW,3.5500,300,SELL,59214
30787200,MSFT,1.0000,100,BUY,59235
30789221,SUNW,3.3800,1375,SELL,59255
30791195,MSFT,53.7610,600,BUY,59270
30792813,CSCO,13.7500,6425,SELL,59281
30809943,MSFT,54.7600,200,SELL,59499
30811730,MSFT,54.4000,459,SELL,59532
30821548,KLAC,38.5500,1000,SELL,59628
30821638,KLAC,39.0500,1000,SELL,59633
30821925,KLAC,39.5500,1000,SELL,59637
30822067,KLAC,40.0500,1000,SELL,59638
30822585,KLAC,40.5500,1000,SELL,59646
30822591,KLAC,41.0500,1000,SELL,59647
30822624,KLAC,41.5500,1000,SELL,59648
30822669,KLAC,42.0500,1000,SELL,59650
30826943,SUNW,3.0000,200,BUY,59691
30877989,SUNW,3.4300,4000,SELL,60194
30878231,MSFT,52.2500,600,BUY,60196
30878737,MSFT,52.1500,600,BUY,60202
30878745,MSFT,52.0500,600,BUY,60203
30878777,MSFT,51.9500,600,BUY,60204
30878828,MSFT,51.8500,600,BUY,60205
30878844,MSFT,51.7500,600,BUY,60206
30878892,MSFT,51.6500,600,BUY,60207
30878922,MSFT,51.5500,600,BUY,60208
30878944,MSFT,51.4500,600,BUY,60209
30878989,MSFT,51.3500,600,BUY,60211
30879026,MSFT,51.2500,600,BUY,60213
30879045,MSFT,51.1500,600,BUY,60214
30881730,MSFT,53.7900,500,SELL,60238
30886914,MSFT,54.0000,1100,SELL,60282
30886943,MSFT,54.1000,1100,SELL,60283
30887220,MSFT,54.2000,1100,SELL,60286
30887690,MSFT,54.3000,1100,SELL,60288
30887708,MSFT,54.4000,1100,SELL,60289
30887753,MSFT,54.5000,1100,SELL,60290
30887789,MSFT,54.6000,1100,SELL,60291
30887826,MSFT,54.7000,1100,SELL,60293
30887844,MSFT,54.8000,1100,SELL,60294
30887867,MSFT,54.9000,1100,SELL,60297
30887899,MSFT,55.0000,1100,SELL,60298
30887941,MSFT,55.1000,1100,SELL,60299
30891255,MSFT,53.7900,900,BUY,60329
